@inproceedings{DBLP:journals/corr/Moses16,
	author = {Yoram Moses},
	bibsource = {dblp computer science bibliography, http://dblp.org},
	biburl = {http://dblp.uni-trier.de/rec/bib/journals/corr/Moses16},
	booktitle = {Proceedings Fifteenth Conference on Theoretical Aspects of Rationality and Knowledge, {TARK} 2015, Carnegie Mellon University, Pittsburgh, USA, June 4-6, 2015.},
	pages = {231--245},
	timestamp = {Wed, 03 May 2017 14:47:58 +0200},
	title = {Relating Knowledge and Coordinated Action: The Knowledge of Preconditions Principle},
	url = {https://doi.org/10.4204/EPTCS.215.17},
	year = {2015}
}

@article{DBLP:journals/jacm/HalpernM90,
	author = {Joseph Y. Halpern and Yoram Moses},
	bibsource = {dblp computer science bibliography, http://dblp.org},
	biburl = {http://dblp.uni-trier.de/rec/bib/journals/jacm/HalpernM90},
	doi = {10.1145/79147.79161},
	journal = {J. {ACM}},
	number = {3},
	pages = {549--587},
	timestamp = {Thu, 20 Nov 2003 12:28:10 +0100},
	title = {Knowledge and Common Knowledge in a Distributed Environment},
	url = {http://doi.acm.org/10.1145/79147.79161},
	volume = {37},
	year = {1990}
}



@inproceedings{DBLP:conf/lpar/SharmaGRM18,
	author    = {Shubham Sharma and
	Rahul Gupta and
	Subhajit Roy and
	Kuldeep S. Meel},
	editor    = {Gilles Barthe and
	Geoff Sutcliffe and
	Margus Veanes},
	title     = {Knowledge Compilation meets Uniform Sampling},
	booktitle = {{LPAR-22.} 22nd International Conference on Logic for Programming,
	Artificial Intelligence and Reasoning, Awassa, Ethiopia, 16-21 November
	2018},
	series    = {EPiC Series in Computing},
	volume    = {57},
	pages     = {620--636},
	publisher = {EasyChair},
	year      = {2018},
	url       = {http://www.easychair.org/publications/paper/CXk2},
	timestamp = {Mon, 31 Dec 2018 12:25:19 +0100},
	biburl    = {https://dblp.org/rec/conf/lpar/SharmaGRM18.bib},
	bibsource = {dblp computer science bibliography, https://dblp.org}
}



@inproceedings{DBLP:conf/tark/GonczarowskiM13,
	author = {Yannai A. Gonczarowski and Yoram Moses},
	bibsource = {dblp computer science bibliography, http://dblp.org},
	biburl = {http://dblp.uni-trier.de/rec/bib/conf/tark/GonczarowskiM13},
	booktitle = {Proceedings of the 14th Conference on Theoretical Aspects of Rationality and Knowledge {(TARK} 2013), Chennai, India, January 7-9, 2013},
	timestamp = {Wed, 30 Mar 2016 18:10:00 +0200},
	title = {Timely Common Knowledge},
	url = {http://www.tark.org/proceedings/tark_jan7_13/p79-gonczarowski.pdf},
	year = {2013}
}

@article{DBLP:journals/corr/CastanedaGM14,
	author = {Armando Casta{\~n}eda and Yannai A. Gonczarowski and Yoram Moses},
	bibsource = {dblp computer science bibliography, http://dblp.org},
	biburl = {http://dblp.uni-trier.de/rec/bib/journals/corr/CastanedaGM14},
	journal = {CoRR},
	timestamp = {Sun, 02 Nov 2014 11:25:59 +0100},
	title = {Unbeatable Consensus},
	url = {http://arxiv.org/abs/1410.2501},
	volume = {abs/1410.2501},
	year = {2014}
}

@inproceedings{DBLP:conf/aips/Rintanen04a,
	author = {Jussi Rintanen},
	bibsource = {dblp computer science bibliography, http://dblp.org},
	biburl = {http://dblp2.uni-trier.de/rec/bib/conf/aips/Rintanen04a},
	booktitle = {Proceedings of the Fourteenth International Conference on Automated Planning and Scheduling {(ICAPS} 2004), June 3-7 2004, Whistler, British Columbia, Canada},
	pages = {345--354},
	timestamp = {Thu, 13 Dec 2012 14:15:16 +0100},
	title = {Complexity of Planning with Partial Observability},
	url = {http://www.aaai.org/Library/ICAPS/2004/icaps04-041.php},
	year = {2004}
}


@book{van2011logical,
	author = {Johan Van Benthem},
	publisher = {Cambridge University Press},
	title = {Logical dynamics of information and interaction},
	year = {2011}
}

@inproceedings{DBLP:conf/ijcai/AucherB13,
	author = {Guillaume Aucher and Thomas Bolander},
	bibsource = {dblp computer science bibliography, http://dblp.org},
	biburl = {http://dblp.uni-trier.de/rec/bib/conf/ijcai/AucherB13},
	booktitle = {{IJCAI} 2013, Proceedings of the 23rd International Joint Conference on Artificial Intelligence, Beijing, China, August 3-9, 2013},
	timestamp = {Fri, 14 Nov 2014 11:06:41 +0100},
	title = {Undecidability in Epistemic Planning},
	url = {http://www.aaai.org/ocs/index.php/IJCAI/IJCAI13/paper/view/6903},
	year = {2013}
}

@article{DBLP:journals/jancl/BolanderA11,
	author = {Thomas Bolander and Mikkel Birkegaard Andersen},
	bibsource = {dblp computer science bibliography, http://dblp.org},
	biburl = {http://dblp.dagstuhl.de/rec/bib/journals/jancl/BolanderA11},
	doi = {10.3166/jancl.21.9-34},
	journal = {Journal of Applied Non-Classical Logics},
	number = {1},
	pages = {9--34},
	timestamp = {Mon, 15 Oct 2012 13:17:50 +0200},
	title = {Epistemic planning for single and multi-agent systems},
	url = {http://dx.doi.org/10.3166/jancl.21.9-34},
	volume = {21},
	year = {2011}
}

@book{minsky1967computation,
	author = {Marvin L Minsky},
	publisher = {Prentice-Hall, Inc.},
	title = {Computation: finite and infinite machines},
	year = {1967}
}

@article{van2002description,
	author = {Hans P van Ditmarsch},
	journal = {Game theory and applications},
	pages = {1--28},
	publisher = {Citeseer},
	title = {The description of game actions in Cluedo},
	volume = {8},
	year = {2002}
}

@inproceedings{DBLP:conf/ecai/Thielscher16,
	author = {Michael Thielscher},
	bibsource = {dblp computer science bibliography, http://dblp.org},
	biburl = {http://dblp.dagstuhl.de/rec/bib/conf/ecai/Thielscher16},
	booktitle = {{ECAI} 2016 - 22nd European Conference on Artificial Intelligence, 29 August-2 September 2016, The Hague, The Netherlands - Including Prestigious Applications of Artificial Intelligence {(PAIS} 2016)},
	doi = {10.3233/978-1-61499-672-9-1630},
	pages = {1630--1631},
	timestamp = {Tue, 30 Aug 2016 11:14:30 +0200},
	title = {{GDL-III:} {A} Proposal to Extend the Game Description Language to General Epistemic Games},
	url = {http://dx.doi.org/10.3233/978-1-61499-672-9-1630},
	year = {2016}
}


@inproceedings{DBLP:conf/ijcai/Thielscher17,
  author    = {Michael Thielscher},
  title     = {{GDL-III:} {A} Description Language for Epistemic General Game Playing},
  booktitle = {Proceedings of the Twenty-Sixth International Joint Conference on
               Artificial Intelligence, {IJCAI} 2017, Melbourne, Australia, August
               19-25, 2017},
  pages     = {1276--1282},
  year      = {2017},
  url       = {https://doi.org/10.24963/ijcai.2017/177},
  doi       = {10.24963/ijcai.2017/177},
  timestamp = {Tue, 15 Aug 2017 14:48:05 +0200},
  biburl    = {https://dblp.org/rec/bib/conf/ijcai/Thielscher17},
  bibsource = {dblp computer science bibliography, https://dblp.org}
}







@article{DBLP:journals/ai/ScherlL03,
  author    = {Richard B. Scherl and
               Hector J. Levesque},
  title     = {Knowledge, action, and the frame problem},
  journal   = {Artif. Intell.},
  volume    = {144},
  number    = {1-2},
  pages     = {1--39},
  year      = {2003},
  url       = {https://doi.org/10.1016/S0004-3702(02)00365-X},
  doi       = {10.1016/S0004-3702(02)00365-X},
  timestamp = {Sat, 27 May 2017 14:24:41 +0200},
  biburl    = {https://dblp.org/rec/bib/journals/ai/ScherlL03},
  bibsource = {dblp computer science bibliography, https://dblp.org}
}




@article{DBLP:journals/sLogica/HoekW03a,
	author = {Wiebe van der Hoek and Michael Wooldridge},
	bibsource = {dblp computer science bibliography, https://dblp.org},
	biburl = {https://dblp.org/rec/bib/journals/sLogica/HoekW03a},
	doi = {10.1023/A:1026185103185},
	journal = {Studia Logica},
	number = {1},
	pages = {125--157},
	timestamp = {Sat, 20 May 2017 00:23:56 +0200},
	title = {Cooperation, Knowledge, and Time: Alternating-time Temporal Epistemic Logic and its Applications},
	url = {https://doi.org/10.1023/A:1026185103185},
	volume = {75},
	year = {2003}
}

@article{DBLP:journals/nature/SilverHMGSDSAPL16,
	author = {David Silver and Aja Huang and Chris J. Maddison and Arthur Guez and Laurent Sifre and George van den Driessche and Julian Schrittwieser and Ioannis Antonoglou and Vedavyas Panneershelvam and Marc Lanctot and Sander Dieleman and Dominik Grewe and John Nham and Nal Kalchbrenner and Ilya Sutskever and Timothy P. Lillicrap and Madeleine Leach and Koray Kavukcuoglu and Thore Graepel and Demis Hassabis},
	bibsource = {dblp computer science bibliography, https://dblp.org},
	biburl = {https://dblp.org/rec/bib/journals/nature/SilverHMGSDSAPL16},
	doi = {10.1038/nature16961},
	journal = {Nature},
	number = {7587},
	pages = {484--489},
	timestamp = {Sat, 20 May 2017 00:24:51 +0200},
	title = {Mastering the game of Go with deep neural networks and tree search},
	url = {https://doi.org/10.1038/nature16961},
	volume = {529},
	year = {2016}
}

@article{DBLP:journals/constraints/KoricheLPT16,
	author = {Fr{\'e}d{\'e}ric Koriche and Sylvain Lagrue and {\'E}ric Piette and S{\'e}bastien Tabary},
	bibsource = {dblp computer science bibliography, https://dblp.org},
	biburl = {https://dblp.org/rec/bib/journals/constraints/KoricheLPT16},
	doi = {10.1007/s10601-015-9199-5},
	journal = {Constraints},
	number = {1},
	pages = {95--114},
	timestamp = {Sat, 20 May 2017 00:25:22 +0200},
	title = {General game playing with stochastic {CSP}},
	url = {https://doi.org/10.1007/s10601-015-9199-5},
	volume = {21},
	year = {2016}
}

@inproceedings{DBLP:conf/ijcai/KoricheLPT17,
	author = {Fr{\'e}d{\'e}ric Koriche and Sylvain Lagrue and {\'E}ric Piette and S{\'e}bastien Tabary},
	bibsource = {dblp computer science bibliography, https://dblp.org},
	biburl = {https://dblp.org/rec/bib/conf/ijcai/KoricheLPT17},
	booktitle = {Proceedings of the Twenty-Sixth International Joint Conference on Artificial Intelligence, {IJCAI} 2017, Melbourne, Australia, August 19-25, 2017},
	doi = {10.24963/ijcai.2017/40},
	pages = {280--287},
	timestamp = {Tue, 15 Aug 2017 14:48:05 +0200},
	title = {Constraint-Based Symmetry Detection in General Game Playing},
	url = {https://doi.org/10.24963/ijcai.2017/40},
	year = {2017}
}

@article{DBLP:journals/cacm/BowlingBJT17,
	author = {Michael Bowling and Neil Burch and Michael Johanson and Oskari Tammelin},
	bibsource = {dblp computer science bibliography, https://dblp.org},
	biburl = {https://dblp.org/rec/bib/journals/cacm/BowlingBJT17},
	doi = {10.1145/3131284},
	journal = {Commun. {ACM}},
	number = {11},
	pages = {81--88},
	timestamp = {Wed, 22 Nov 2017 17:24:50 +0100},
	title = {Heads-up limit hold'em poker is solved},
	url = {http://doi.acm.org/10.1145/3131284},
	volume = {60},
	year = {2017}
}

@article{BARRAS200922,
	author = {Colin Barras},
	doi = {10.1016/S0262-4079(09)63247-4},
	issn = {0262-4079},
	journal = {New Scientist},
	number = {2738},
	pages = {22--23},
	title = {Useful, lovable and unbelievably annoying},
	url = {http://www.sciencedirect.com/science/article/pii/S0262407909632474},
	volume = {204},
	year = {2009}
}

@article{DBLP:journals/ai/HalpernM92,
	author = {Joseph Y. Halpern and Yoram Moses},
	bibsource = {dblp computer science bibliography, http://dblp.org},
	biburl = {http://dblp.uni-trier.de/rec/bib/journals/ai/HalpernM92},
	doi = {10.1016/0004-3702(92)90049-4},
	journal = {Artif. Intell.},
	number = {2},
	pages = {319--379},
	timestamp = {Thu, 30 Jun 2011 16:00:37 +0200},
	title = {A Guide to Completeness and Complexity for Modal Logics of Knowledge and Belief},
	url = {http://dx.doi.org/10.1016/0004-3702(92)90049-4},
	volume = {54},
	year = {1992}
}

@inproceedings{DBLP:conf/atal/Lutz06,
	author = {Carsten Lutz},
	bibsource = {dblp computer science bibliography, http://dblp.org},
	biburl = {http://dblp.uni-trier.de/rec/bib/conf/atal/Lutz06},
	booktitle = {5th International Joint Conference on Autonomous Agents and Multiagent Systems {(AAMAS} 2006), Hakodate, Japan, May 8-12, 2006},
	doi = {10.1145/1160633.1160657},
	pages = {137--143},
	timestamp = {Wed, 27 Sep 2006 15:12:21 +0200},
	title = {Complexity and succinctness of public announcement logic},
	url = {http://doi.acm.org/10.1145/1160633.1160657},
	year = {2006}
}


@inproceedings{DBLP:conf/stoc/Cook71,
	author = {Stephen A. Cook},
	bibsource = {dblp computer science bibliography, http://dblp.org},
	biburl = {http://dblp.uni-trier.de/rec/bib/conf/stoc/Cook71},
	booktitle = {Proceedings of the 3rd Annual {ACM} Symposium on Theory of Computing, May 3-5, 1971, Shaker Heights, Ohio, {USA}},
	doi = {10.1145/800157.805047},
	pages = {151--158},
	timestamp = {Mon, 17 Oct 2011 17:25:06 +0200},
	title = {The Complexity of Theorem-Proving Procedures},
	url = {http://doi.acm.org/10.1145/800157.805047},
	year = {1971}
}

@article{DBLP:journals/corr/abs-cs-0610093,
	author = {Hans P. van Ditmarsch and Barteld P. Kooi},
	bibsource = {DBLP, http://dblp.uni-trier.de},
	ee = {http://arxiv.org/abs/cs/0610093},
	journal = {CoRR},
	title = {Semantic results for ontic and epistemic change},
	volume = {abs/cs/0610093},
	year = {2006}
}

@article{DBLP:journals/jancl/DitmarschHL12,
	author = {Hans P. van Ditmarsch and Andreas Herzig and Tiago De Lima},
	bibsource = {DBLP, http://dblp.uni-trier.de},
	ee = {http://dx.doi.org/10.1080/11663081.2012.705964},
	journal = {Journal of Applied Non-Classical Logics},
	number = {3},
	pages = {249--273},
	title = {Public announcements, public assignments and the complexity of their logic},
	volume = {22},
	year = {2012}
}

@inproceedings{DBLP:conf/jelia/TishkovskySK12,
  author    = {Dmitry Tishkovsky and
               Renate A. Schmidt and
               Mohammad Khodadadi},
  title     = {The Tableau Prover Generator MetTeL2},
  booktitle = {Logics in Artificial Intelligence - 13th European Conference, {JELIA}
               2012, Toulouse, France, September 26-28, 2012. Proceedings},
  pages     = {492--495},
  year      = {2012},
  url       = {https://doi.org/10.1007/978-3-642-33353-8_41},
  doi       = {10.1007/978-3-642-33353-8_41},
  timestamp = {Thu, 25 May 2017 00:42:52 +0200},
  biburl    = {https://dblp.org/rec/bib/conf/jelia/TishkovskySK12},
  bibsource = {dblp computer science bibliography, https://dblp.org}
}

@inproceedings{chandra1976alternation,
	author = {Ashok K. Chandra and Larry J. Stockmeyer},
	booktitle = {Proc. of FOCS'76},
	pages = {98--108},
	title = {Alternation},
	year = {1976}
}

@inproceedings{PAL-Lutz,
	author = {Carsten Lutz},
	booktitle = {Proc. of AAMAS'06},
	location = {Hakodate, Japan},
	pages = {137--143},
	publisher = {ACM},
	title = {Complexity and succinctness of public announcement logic},
	year = {2006}
}

@book{sipser2006introduction,
	author = {Michael Sipser},
	publisher = {Thomson Course Technology Boston},
	title = {Introduction to the Theory of Computation},
	volume = {2},
	year = {2006}
}

@inproceedings{canny1988some,
	author = {John Canny},
	booktitle = {Proceedings of STOC'88},
	organization = {ACM},
	pages = {460--467},
	title = {Some algebraic and geometric computations in {PSPACE}},
	year = {1988}
}

@book{tarski1951decision,
	author = {Alfred Tarski},
	publisher = {Springer},
	title = {A decision method for elementary algebra and geometry},
	year = {1951}
}

@article{ben1986complexity,
	author = {Michael Ben-Or and Dexter Kozen and John Reif},
	journal = {Journal of Computer and System Sciences},
	number = {2},
	pages = {251--264},
	publisher = {Elsevier},
	title = {The complexity of elementary algebra and geometry},
	volume = {32},
	year = {1986}
}


@article{DBLP:journals/ijgt/Aumann99,
	author = {Robert J. Aumann},
	bibsource = {dblp computer science bibliography, http://dblp.org},
	biburl = {http://dblp2.uni-trier.de/rec/bib/journals/ijgt/Aumann99},
	doi = {10.1007/s001820050111},
	journal = {Int. J. Game Theory},
	number = {3},
	pages = {263--300},
	timestamp = {Wed, 30 May 2012 12:14:26 +0200},
	title = {Interactive epistemology {I:} Knowledge},
	url = {http://dx.doi.org/10.1007/s001820050111},
	volume = {28},
	year = {1999}
}

@inproceedings{DBLP:conf/gamesem/KennerlyWZ09,
	author = {Ethan Kennerly and Andreas Witzel and Jonathan A. Zvesper},
	bibsource = {dblp computer science bibliography, http://dblp.org},
	biburl = {http://dblp.uni-trier.de/rec/bib/conf/gamesem/KennerlyWZ09},
	booktitle = {2009 International {IEEE} Consumer Electronics Society's Games Innovations Conference, {ICE-GIC} 2009, London, UK, August 25-28, 2009},
	doi = {10.1109/ICEGIC.2009.5293592},
	pages = {169--172},
	timestamp = {Thu, 21 Jan 2016 15:25:28 +0100},
	title = {Thief belief},
	url = {http://dx.doi.org/10.1109/ICEGIC.2009.5293592},
	year = {2009}
}

@inproceedings{DBLP:conf/aiide/WitzelZK08,
	author = {Andreas Witzel and Jonathan A. Zvesper and Ethan Kennerly},
	bibsource = {dblp computer science bibliography, http://dblp.org},
	biburl = {http://dblp.uni-trier.de/rec/bib/conf/aiide/WitzelZK08},
	booktitle = {Proceedings of the Fourth Artificial Intelligence and Interactive Digital Entertainment Conference, October 22-24, 2008, Stanford, California, {USA}},
	timestamp = {Wed, 12 Dec 2012 16:45:08 +0100},
	title = {Explicit Knowledge Programming for Computer Games},
	url = {http://www.aaai.org/Library/AIIDE/2008/aiide08-023.php},
	year = {2008}
}

@book{Fagin95knowledge,
	author = {R. Fagin and J.Y. Halpern and Y. Moses and M.Y. Vardi},
	publisher = {MIT Press},
	title = {Reasoning about Knowledge},
	year = {1995}
}


@book{DitmarschvdHoekKooi,
	address = {Dordecht},
	author = {Hans {van Ditmarsch} and Wiebe {van der Hoek} and Barteld {Kooi}},
	publisher = {Springer},
	title = {Dynamic Epistemic Logic},
	year = 2008
}

@article{Hoek02epistemic,
	author = {W. van~der~Hoek and R. Verbrugge},
	editor = {L.A. Petrosjan and V.V. Mazalov},
	journal = {Game Theory and Applications},
	pages = {53--94},
	publisher = {Nova Science Publishers : New York},
	title = {Epistemic Logic: A Survey},
	volume = {8},
	year = {2002}
}

@book{HarelKozenTjurin2000,
	author = {David Harel and Dexter Kozen and Jerzy Tiuryn},
	publisher = {MIT Press},
	title = {Dynamic Logic},
	year = {2000}
}

@article{GarciaCM05,
	author = {Jes{\'u}s Garc\'{\i}a and Javier Carb{\'o} and Jos{\'e} M. Molina},
	journal = {Intern. Journal of Computer Science \& Applications},
	number = {1},
	pages = {33--37},
	title = {Agent-based Coordination of Cameras},
	volume = {2},
	year = {2005}
}

@inproceedings{BustamanteMP10,
	author = {Alvaro Luis Bustamante and Jos{\'e} M. Molina and Miguel A. Patricio},
	booktitle = {Proc. of DCAI'2010},
	pages = {301--308},
	title = {Multi-camera and Multi-modal Sensor Fusion, an Architecture Overview},
	year = {2010}
}


@book{BRV,
	author = {P. Blackburn and M. de Rijke and Y. Venema},
	publisher = {Cambridge University Press},
	title = {Modal Logic},
	year = {2001}
}



@inproceedings{DBLP:journals/corr/PolRS16,
  author    = {Iris van de Pol and
               Iris van Rooij and
               Jakub Szymanik},
  title     = {Parameterized Complexity Results for a Model of Theory of Mind Based
               on Dynamic Epistemic Logic},
  booktitle = {Proceedings Fifteenth Conference on Theoretical Aspects of Rationality
               and Knowledge, {TARK} 2015, Carnegie Mellon University, Pittsburgh,
               USA, June 4-6, 2015.},
  pages     = {246--263},
  year      = {2015},
  url       = {https://doi.org/10.4204/EPTCS.215.18},
  doi       = {10.4204/EPTCS.215.18},
  timestamp = {Wed, 03 May 2017 14:47:58 +0200},
  biburl    = {https://dblp.org/rec/bib/journals/corr/PolRS16},
  bibsource = {dblp computer science bibliography, https://dblp.org}
}



@article{DBLP:journals/siamcomp/Ladner77,
  author    = {Richard E. Ladner},
  title     = {The Computational Complexity of Provability in Systems of Modal Propositional
               Logic},
  journal   = {{SIAM} J. Comput.},
  volume    = {6},
  number    = {3},
  pages     = {467--480},
  year      = {1977},
  url       = {https://doi.org/10.1137/0206033},
  doi       = {10.1137/0206033},
  timestamp = {Sat, 27 May 2017 14:22:58 +0200},
  biburl    = {https://dblp.org/rec/bib/journals/siamcomp/Ladner77},
  bibsource = {dblp computer science bibliography, https://dblp.org}
}




@article{FischerLadner79,
	author = {M. J. Fischer and R. E. Ladner},
	journal = {Journal of Computer and System Sciences},
	number = {2},
	pages = {194--211},
	title = {Propositional Dynamic Logic of Regular Programs},
	volume = {18},
	year = {1979}
}


@inproceedings{DBLP:conf/lics/BalbianiHT13,
	author = {Philippe Balbiani and Andreas Herzig and Nicolas Troquard},
	bibsource = {DBLP, http://dblp.uni-trier.de},
	booktitle = {LICS},
	crossref = {DBLP:conf/lics/2013},
	ee = {http://doi.ieeecomputersociety.org/10.1109/LICS.2013.20},
	pages = {143--152},
	title = {Dynamic Logic of Propositional Assignments: A Well-Behaved Variant of PDL},
	year = {2013}
}

@inproceedings{DBLP:conf/aiml/FrenchD08,
	author = {Tim French and Hans P. van Ditmarsch},
	bibsource = {DBLP, http://dblp.uni-trier.de},
	booktitle = {Advances in Modal Logic},
	crossref = {DBLP:conf/aiml/2008},
	ee = {http://www.aiml.net/volumes/volume7/French-vanDitmarsch.pdf},
	pages = {23--42},
	title = {Undecidability for arbitrary public announcement logic},
	year = {2008}
}

@inproceedings{DBLP:conf/tark/BalbianiBDHHL07,
	author = {Philippe Balbiani and Alexandru Baltag and Hans P. van Ditmarsch and Andreas Herzig and T. Hoshi and Tiago De Lima},
	bibsource = {DBLP, http://dblp.uni-trier.de},
	booktitle = {TARK},
	crossref = {DBLP:conf/tark/2007},
	ee = {http://doi.acm.org/10.1145/1324249.1324259},
	pages = {42--51},
	title = {What can we achieve by arbitrary announcements?: A dynamic take on Fitch's knowability},
	year = {2007}
}

@inproceedings{DBLP:conf/tark/Hintikka86,
	author = {Jaakko Hintikka},
	bibsource = {dblp computer science bibliography, http://dblp.org},
	biburl = {http://dblp.uni-trier.de/rec/bib/conf/tark/Hintikka86},
	booktitle = {Proceedings of the 1st Conference on Theoretical Aspects of Reasoning about Knowledge, Monterey, CA, March 1986},
	crossref = {DBLP:conf/tark/1986},
	pages = {63--80},
	timestamp = {Tue, 05 Mar 2002 15:50:56 +0100},
	title = {Reasoning About Knowledge in Philosophy: The Paradigm of Epistemic Logic},
	year = {1986}
}

@inproceedings{DBLP:conf/jelia/BozzelliDP12,
	author = {Laura Bozzelli and Hans P. van Ditmarsch and Sophie Pinchinat},
	bibsource = {DBLP, http://dblp.uni-trier.de},
	booktitle = {JELIA},
	crossref = {DBLP:conf/jelia/2012},
	ee = {http://dx.doi.org/10.1007/978-3-642-33353-8_10},
	pages = {120--133},
	title = {The Complexity of One-Agent Refinement Modal Logic},
	year = {2012}
}

@inproceedings{DBLP:conf/ijcai/BozzelliDP13,
	author = {Laura Bozzelli and Hans P. van Ditmarsch and Sophie Pinchinat},
	bibsource = {DBLP, http://dblp.uni-trier.de},
	booktitle = {IJCAI},
	crossref = {DBLP:conf/ijcai/2013},
	ee = {http://www.aaai.org/ocs/index.php/IJCAI/IJCAI13/paper/view/6811},
	title = {The Complexity of One-Agent Refinement Modal Logic},
	year = {2013}
}



@inproceedings{DBLP:conf/kramas/DitmarschF08,
  author    = {Hans P. van Ditmarsch and
               Tim French},
  title     = {Simulation and Information: Quantifying over Epistemic Events},
  booktitle = {Knowledge Representation for Agents and Multi-Agent Systems, First
               International Workshop, {KRAMAS} 2008, Sydney, Australia, September
               17, 2008, Revised Selected Papers},
  pages     = {51--65},
  year      = {2008},
  url       = {https://doi.org/10.1007/978-3-642-05301-6_4},
  doi       = {10.1007/978-3-642-05301-6_4},
  timestamp = {Wed, 24 May 2017 08:29:18 +0200},
  biburl    = {https://dblp.org/rec/bib/conf/kramas/DitmarschF08},
  bibsource = {dblp computer science bibliography, https://dblp.org}
}





@article{DBLP:journals/jancl/Aucher11,
  author    = {Guillaume Aucher},
  title     = {DEL-sequents for progression},
  journal   = {Journal of Applied Non-Classical Logics},
  volume    = {21},
  number    = {3-4},
  pages     = {289--321},
  year      = {2011},
  url       = {https://doi.org/10.3166/jancl.21.289-321},
  doi       = {10.3166/jancl.21.289-321},
  timestamp = {Sun, 28 May 2017 13:20:20 +0200},
  biburl    = {https://dblp.org/rec/bib/journals/jancl/Aucher11},
  bibsource = {dblp computer science bibliography, https://dblp.org}
}


@incollection{DBLP:books/el/leeuwen90/Johnson90,
	author = {David S. Johnson},
	bibsource = {DBLP, http://dblp.uni-trier.de},
	booktitle = {Handbook of Theoretical Computer Science, Volume A: Algorithms and Complexity (A)},
	pages = {67--161},
	publisher = {Elsevier},
	title = {A Catalog of Complexity Classes},
	year = {1990}
}

@inproceedings{agotnes2014undecidability,
	author = {Thomas Agotnes and Hans van Ditmarsch and Tim French},
	booktitle = {Proceedings of the 2014 international conference on Autonomous agents and multi-agent systems},
	organization = {International Foundation for Autonomous Agents and Multiagent Systems},
	pages = {893--900},
	title = {The undecidability of group announcements},
	year = {2014}
}

@article{van2006semantic,
	author = {Hans van Ditmarsch and Barteld Kooi},
	journal = {Logic and the Foundations of Game and Decision Theory (LOFT 7)},
	pages = {87},
	title = {Semantic Results for Ontic and Epistemic Change},
	year = {2006}
}




@article{DBLP:journals/jolli/Kooi03,
  author    = {Barteld P. Kooi},
  title     = {Probabilistic Dynamic Epistemic Logic},
  journal   = {Journal of Logic, Language and Information},
  volume    = {12},
  number    = {4},
  pages     = {381--408},
  year      = {2003},
  url       = {https://doi.org/10.1023/A:1025050800836},
  doi       = {10.1023/A:1025050800836},
  timestamp = {Fri, 26 May 2017 22:51:17 +0200},
  biburl    = {https://dblp.org/rec/bib/journals/jolli/Kooi03},
  bibsource = {dblp computer science bibliography, https://dblp.org}
}







@article{kripke1963semantical,
	author = {Saul A Kripke},
	journal = {Mathematical Logic Quarterly},
	number = {5-6},
	pages = {67--96},
	publisher = {Wiley Online Library},
	title = {Semantical analysis of modal logic i normal modal propositional calculi},
	volume = {9},
	year = {1963}
}

@inproceedings{baltag1998logic,
	author = {Alexandru Baltag and Lawrence S Moss and Slawomir Solecki},
	booktitle = {Proceedings of the 7th conference on Theoretical aspects of rationality and knowledge},
	organization = {Morgan Kaufmann Publishers Inc.},
	pages = {43--56},
	title = {The logic of public announcements, common knowledge, and private suspicions},
	year = {1998}
}

@inproceedings{DBLP:conf/lori/BenthemEGS15,
	author = {Johan van Benthem and Jan van Eijck and Malvin Gattinger and Kaile Su},
	bibsource = {dblp computer science bibliography, http://dblp.org},
	biburl = {http://dblp.dagstuhl.de/rec/bib/conf/lori/BenthemEGS15},
	booktitle = {Logic, Rationality, and Interaction - 5th International Workshop, {LORI} 2015 Taipei, Taiwan, October 28-31, 2015, Proceedings},
	doi = {10.1007/978-3-662-48561-3_30},
	pages = {366--378},
	timestamp = {Thu, 29 Oct 2015 12:38:16 +0100},
	title = {Symbolic Model Checking for Dynamic Epistemic Logic},
	url = {http://dx.doi.org/10.1007/978-3-662-48561-3_30},
	year = {2015}
}

@article{DBLP:journals/jcss/FischerL79,
	author = {Michael J. Fischer and Richard E. Ladner},
	bibsource = {DBLP, http://dblp.uni-trier.de},
	ee = {http://dx.doi.org/10.1016/0022-0000(79)90046-1},
	journal = {J. Comput. Syst. Sci.},
	number = {2},
	pages = {194--211},
	title = {Propositional Dynamic Logic of Regular Programs},
	volume = {18},
	year = {1979}
}

@article{DBLP:journals/sLogica/Ditmarsch03,
	author = {Hans P. van Ditmarsch},
	bibsource = {DBLP, http://dblp.uni-trier.de},
	ee = {http://dx.doi.org/10.1023/A:1026168632319},
	journal = {Studia Logica},
	number = {1},
	pages = {31--62},
	title = {The Russian Cards Problem},
	volume = {75},
	year = {2003}
}

@article{DBLP:journals/synthese/Plaza07,
	author = {Jan Plaza},
	bibsource = {dblp computer science bibliography, http://dblp.org},
	biburl = {http://dblp.uni-trier.de/rec/bib/journals/synthese/Plaza07},
	doi = {10.1007/s11229-007-9168-7},
	journal = {Synthese},
	number = {2},
	pages = {165--179},
	timestamp = {Fri, 17 Apr 2009 09:06:47 +0200},
	title = {Logics of public communications},
	url = {http://dx.doi.org/10.1007/s11229-007-9168-7},
	volume = {158},
	year = {2007}
}

@article{DBLP:journals/dc/FaginHMV97,
	author = {Ronald Fagin and Joseph Y. Halpern and Yoram Moses and Moshe Y. Vardi},
	bibsource = {dblp computer science bibliography, http://dblp.org},
	biburl = {http://dblp.uni-trier.de/rec/bib/journals/dc/FaginHMV97},
	doi = {10.1007/s004460050038},
	journal = {Distributed Computing},
	number = {4},
	pages = {199--225},
	timestamp = {Tue, 24 May 2011 14:19:47 +0200},
	title = {Knowledge-Based Programs},
	url = {http://dx.doi.org/10.1007/s004460050038},
	volume = {10},
	year = {1997}
}

@book{harel2000dynamic,
	author = {David Harel and Dexter Kozen and Jerzy Tiuryn},
	publisher = {MIT press},
	title = {Dynamic logic},
	year = {2000}
}

@article{DBLP:journals/sLogica/MillerM05,
	author = {Joseph S. Miller and Lawrence S. Moss},
	bibsource = {dblp computer science bibliography, http://dblp.org},
	biburl = {http://dblp.uni-trier.de/rec/bib/journals/sLogica/MillerM05},
	doi = {10.1007/s11225-005-3612-9},
	journal = {Studia Logica},
	number = {3},
	pages = {373--407},
	timestamp = {Thu, 12 Jan 2006 15:28:31 +0100},
	title = {The Undecidability of Iterated Modal Relativization},
	url = {http://dx.doi.org/10.1007/s11225-005-3612-9},
	volume = {79},
	year = {2005}
}

@inproceedings{DBLP:conf/atal/AgotnesDF14,
	author = {Thomas {\AA}gotnes and Hans van Ditmarsch and Tim French},
	bibsource = {dblp computer science bibliography, http://dblp.org},
	biburl = {http://dblp.uni-trier.de/rec/bib/conf/atal/AgotnesDF14},
	booktitle = {International conference on Autonomous Agents and Multi-Agent Systems, {AAMAS} '14, Paris, France, May 5-9, 2014},
	pages = {893--900},
	timestamp = {Wed, 25 Feb 2015 08:14:58 +0100},
	title = {The undecidability of group announcements},
	url = {http://dl.acm.org/citation.cfm?id=2615874},
	year = {2014}
}



@inproceedings{DBLP:conf/lori/AgotnesHHW13,
	author = {Thomas {\AA}gotnes and Paul Harrenstein and Wiebe van der Hoek and Michael Wooldridge},
	bibsource = {dblp computer science bibliography, http://dblp.org},
	biburl = {http://dblp.uni-trier.de/rec/bib/conf/lori/AgotnesHHW13},
	booktitle = {Logic, Rationality, and Interaction - 4th International Workshop, {LORI} 2013, Hangzhou, China, October 9-12, 2013, Proceedings},
	doi = {10.1007/978-3-642-40948-6_1},
	pages = {1--14},
	timestamp = {Tue, 15 Oct 2013 14:51:48 +0200},
	title = {Boolean Games with Epistemic Goals},
	url = {http://dx.doi.org/10.1007/978-3-642-40948-6_1},
	year = {2013}
}

@inproceedings{DBLP:conf/atal/HoekTW11,
	author = {Wiebe van der Hoek and Nicolas Troquard and Michael Wooldridge},
	bibsource = {dblp computer science bibliography, http://dblp.org},
	biburl = {http://dblp.uni-trier.de/rec/bib/conf/atal/HoekTW11},
	booktitle = {10th International Conference on Autonomous Agents and Multiagent Systems {(AAMAS} 2011), Taipei, Taiwan, May 2-6, 2011, Volume 1-3},
	pages = {719--726},
	timestamp = {Fri, 18 Nov 2011 10:23:00 +0100},
	title = {Knowledge and control},
	url = {http://portal.acm.org/citation.cfm?id=2031720&CFID=54178199&CFTOKEN=61392764},
	year = {2011}
}

@inproceedings{DBLP:conf/aamas/HoekIW12,
	author = {Wiebe van der Hoek and Petar Iliev and Michael Wooldridge},
	bibsource = {dblp computer science bibliography, http://dblp.org},
	biburl = {http://dblp.uni-trier.de/rec/bib/conf/aamas/HoekIW12},
	booktitle = {International Conference on Autonomous Agents and Multiagent Systems, {AAMAS} 2012, Valencia, Spain, June 4-8, 2012 {(3} Volumes)},
	pages = {1115--1122},
	timestamp = {Thu, 19 Mar 2015 17:49:02 +0100},
	title = {A logic of revelation and concealment},
	url = {http://dl.acm.org/citation.cfm?id=2343856},
	year = {2012}
}

@inproceedings{lori2015herzigfaustine,
	author = {Andreas Herzig and Emiliano Lorini and Faustine Maffre},
	booktitle = {Logic, Rationality, and Interaction - 6th International Workshop, {LORI} 2015},
	title = {A poor man{\rq}s epistemic logic based on propositional assignment and higher-order observation},
	year = {2015}
}

@inproceedings{DBLP:conf/lics/BalbianiHT13-2,
	author = {Philippe Balbiani and Andreas Herzig and Nicolas Troquard},
	bibsource = {dblp computer science bibliography, http://dblp.org},
	biburl = {http://dblp.dagstuhl.de/rec/bib/conf/lics/BalbianiHT13},
	booktitle = {28th Annual {ACM/IEEE} Symposium on Logic in Computer Science, {LICS} 2013, New Orleans, LA, USA, June 25-28, 2013},
	doi = {10.1109/LICS.2013.20},
	pages = {143--152},
	timestamp = {Wed, 27 May 2015 19:02:35 +0200},
	title = {Dynamic Logic of Propositional Assignments: {A} Well-Behaved Variant of {PDL}},
	url = {http://dx.doi.org/10.1109/LICS.2013.20},
	year = {2013}
}

@article{DBLP:journals/aim/GeneserethLP05,
	author = {Michael R. Genesereth and Nathaniel Love and Barney Pell},
	bibsource = {dblp computer science bibliography, http://dblp.org},
	biburl = {http://dblp.dagstuhl.de/rec/bib/journals/aim/GeneserethLP05},
	journal = {{AI} Magazine},
	number = {2},
	pages = {62--72},
	timestamp = {Wed, 29 Dec 2010 17:08:53 +0100},
	title = {General Game Playing: Overview of the {AAAI} Competition},
	url = {http://www.aaai.org/ojs/index.php/aimagazine/article/view/1813},
	volume = {26},
	year = {2005}
}

@inproceedings{DBLP:conf/ijcai/JiangZPZ16,
	author = {Guifei Jiang and Dongmo Zhang and Laurent Perrussel and Heng Zhang},
	bibsource = {dblp computer science bibliography, http://dblp.org},
	biburl = {http://dblp.dagstuhl.de/rec/bib/conf/ijcai/JiangZPZ16},
	booktitle = {Proceedings of the Twenty-Fifth International Joint Conference on Artificial Intelligence, {IJCAI} 2016, New York, NY, USA, 9-15 July 2016},
	crossref = {DBLP:conf/ijcai/2016},
	pages = {1138--1144},
	timestamp = {Fri, 15 Jul 2016 15:58:28 +0200},
	title = {Epistemic {GDL:} {A} Logic for Representing and Reasoning about Imperfect Information Games},
	url = {http://www.ijcai.org/Abstract/16/165},
	year = {2016}
}

@inproceedings{DBLP:conf/cav/AlurHMQRT98,
	author = {Rajeev Alur and Thomas A. Henzinger and Freddy Y. C. Mang and Shaz Qadeer and Sriram K. Rajamani and Serdar Tasiran},
	bibsource = {dblp computer science bibliography, http://dblp.org},
	biburl = {http://dblp.uni-trier.de/rec/bib/conf/cav/AlurHMQRT98},
	booktitle = {Computer Aided Verification, 10th International Conference, {CAV} '98, Vancouver, BC, Canada, June 28 - July 2, 1998, Proceedings},
	doi = {10.1007/BFb0028774},
	pages = {521--525},
	timestamp = {Fri, 25 Sep 2009 10:22:19 +0200},
	title = {{MOCHA:} Modularity in Model Checking},
	url = {http://dx.doi.org/10.1007/BFb0028774},
	year = {1998}
}

@article{DBLP:journals/japll/AgotnesBDS10,
	author = {Thomas {\AA}gotnes and Philippe Balbiani and Hans van Ditmarsch and Pablo Seban},
	bibsource = {dblp computer science bibliography, http://dblp.org},
	biburl = {http://dblp.uni-trier.de/rec/bib/journals/japll/AgotnesBDS10},
	doi = {10.1016/j.jal.2008.12.002},
	journal = {J. Applied Logic},
	number = {1},
	pages = {62--81},
	timestamp = {Wed, 25 Feb 2015 08:15:00 +0100},
	title = {Group announcement logic},
	url = {http://dx.doi.org/10.1016/j.jal.2008.12.002},
	volume = {8},
	year = {2010}
}

@book{fagin2003reasoning,
	author = {Ronald Fagin and Yoram Moses and Joseph Y Halpern and Moshe Y Vardi},
	publisher = {MIT press},
	title = {Reasoning about knowledge},
	year = {2003}
}

@article{DBLP:journals/logcom/BalbianiDHL10,
	author = {Philippe Balbiani and Hans van Ditmarsch and Andreas Herzig and Tiago De Lima},
	bibsource = {dblp computer science bibliography, http://dblp.org},
	biburl = {http://dblp.uni-trier.de/rec/bib/journals/logcom/BalbianiDHL10},
	doi = {10.1093/logcom/exn060},
	journal = {J. Log. Comput.},
	number = {1},
	pages = {55--76},
	timestamp = {Wed, 25 Feb 2015 08:15:00 +0100},
	title = {Tableaux for Public Announcement Logic},
	url = {http://dx.doi.org/10.1093/logcom/exn060},
	volume = {20},
	year = {2010}
}

@article{DBLP:journals/synthese/EijckRS12,
	author = {Jan van Eijck and Ji Ruan and Tomasz Sadzik},
	bibsource = {dblp computer science bibliography, http://dblp.org},
	biburl = {http://dblp.uni-trier.de/rec/bib/journals/synthese/EijckRS12},
	doi = {10.1007/s11229-012-0083-1},
	journal = {Synthese},
	number = {Supplement-1},
	pages = {131--151},
	timestamp = {Thu, 16 Apr 2015 19:26:34 +0200},
	title = {Action emulation},
	url = {http://dx.doi.org/10.1007/s11229-012-0083-1},
	volume = {185},
	year = {2012}
}

@article{herzig-Jaamas2014,
	author = {Andreas Herzig},
	doi = {10.1007/s10458-014-9267-z},
	journal = {Journal of Autonomous Agents and Multi-Agent Systems},
	note = {Online July 2, 2014, doi : 10.1007/s10458-014-9267-z.},
	pages = {1--35},
	publisher = {Springer US},
	title = {Logics of knowledge and action: critical analysis and challenges},
	year = {2014}
}

@book{berard1999verification,
	author = {B{\'e}atrice Berard and Philippe Schnoebelen},
	publisher = {Vuibert},
	title = {V{\'e}rification de logiciels: techniques et outils du model-checking},
	year = {1999}
}




@inproceedings{DBLP:conf/aiml/Schnoebelen02,
  author    = {Philippe Schnoebelen},
  title     = {The Complexity of Temporal Logic Model Checking},
  booktitle = {Advances in Modal Logic 4, papers from the fourth conference on "Advances
               in Modal logic," held in Toulouse (France) in October 2002},
  pages     = {393--436},
  year      = {2002},
  timestamp = {Tue, 12 May 2015 17:12:01 +0200},
  biburl    = {http://dblp.uni-trier.de/rec/bib/conf/aiml/Schnoebelen02},
  bibsource = {dblp computer science bibliography, http://dblp.org}
}




@article{lee1959representation,
	author = {Chang-Yeong Lee},
	journal = {Bell System Technical Journal},
	number = {4},
	pages = {985--999},
	publisher = {Wiley Online Library},
	title = {Representation of Switching Circuits by Binary-Decision Programs},
	volume = {38},
	year = {1959}
}

@article{akers1978binary,
	author = {Sheldon B. Akers},
	journal = {IEEE Transactions on computers},
	number = {6},
	pages = {509--516},
	publisher = {IEEE},
	title = {Binary decision diagrams},
	volume = {100},
	year = {1978}
}

@article{boute1976binary,
	author = {Raymond T Boute},
	journal = {Euromicro Newsletter},
	number = {1},
	pages = {16--22},
	publisher = {Elsevier},
	title = {The binary decision machine as programmable controller},
	volume = {2},
	year = {1976}
}

@inproceedings{DBLP:conf/lori/MaS13,
	author = {Minghui Ma and Katsuhiko Sano},
	bibsource = {dblp computer science bibliography, http://dblp.org},
	biburl = {http://dblp.dagstuhl.de/rec/bib/conf/lori/MaS13},
	booktitle = {Logic, Rationality, and Interaction - 4th International Workshop, {LORI} 2013, Hangzhou, China, October 9-12, 2013, Proceedings},
	crossref = {DBLP:conf/lori/2013},
	doi = {10.1007/978-3-642-40948-6_16},
	pages = {204--217},
	timestamp = {Tue, 15 Oct 2013 14:51:48 +0200},
	title = {How to Update Neighborhood Models},
	url = {http://dx.doi.org/10.1007/978-3-642-40948-6_16},
	year = {2013}
}

@article{DBLP:journals/ai/HoekW05,
	author = {Wiebe van der Hoek and Michael Wooldridge},
	bibsource = {dblp computer science bibliography, http://dblp.org},
	biburl = {http://dblp.uni-trier.de/rec/bib/journals/ai/HoekW05},
	doi = {10.1016/j.artint.2005.01.003},
	journal = {Artif. Intell.},
	number = {1-2},
	pages = {81--119},
	timestamp = {Fri, 06 May 2005 08:00:35 +0200},
	title = {On the logic of cooperation and propositional control},
	url = {http://dx.doi.org/10.1016/j.artint.2005.01.003},
	volume = {164},
	year = {2005}
}


@article{lenzen1979epistemologische,
	author = {Wolfgang Lenzen},
	journal = {Erkenntnis},
	number = {1},
	pages = {33--56},
	publisher = {Springer},
	title = {Epistemologische betrachtungen zu [S4, S5]},
	volume = {14},
	year = {1979}
}

@article{stalnaker2006logics,
	author = {Robert Stalnaker},
	journal = {Philosophical studies},
	number = {1},
	pages = {169--199},
	publisher = {Springer},
	title = {On logics of knowledge and belief},
	volume = {128},
	year = {2006}
}

@article{aucher2015intricateaxiomsasinteractionaxioms,
	author = {Guillaume Aucher},
	doi = {10.1007/s11225-015-9609-0},
	issn = {0039-3215},
	journal = {Studia Logica},
	keywords = {Modal logic; Epistemic logic; Interaction axiom; Definability of modalities},
	language = {English},
	pages = {1--28},
	publisher = {Springer Netherlands},
	title = {Intricate Axioms as Interaction Axioms},
	url = {http://dx.doi.org/10.1007/s11225-015-9609-0},
	year = {2015}
}

@book{kroening2008decision,
	author = {Daniel Kroening and Ofer Strichman},
	publisher = {Springer Science \& Business Media},
	title = {Decision procedures: an algorithmic point of view},
	year = {2008}
}

@article{AlchourronGardenforsMakinson85,
	author = {C.E. Alchourr{\'o}n and P. G{\"a}rdenfors and D. Makinson},
	journal = {Journal of Symbolic Logic},
	number = {2},
	pages = {510--530},
	title = {On The Logic of Theory Change: Partial Meet Functions for Contraction and Revision},
	volume = {50},
	year = {1985}
}


@article{DBLP:journals/logcom/BalbianiDHL10-2,
	author = {Philippe Balbiani and Hans van Ditmarsch and Andreas Herzig and Tiago De Lima},
	bibsource = {dblp computer science bibliography, http://dblp.org},
	biburl = {http://dblp.uni-trier.de/rec/bib/journals/logcom/BalbianiDHL10},
	doi = {10.1093/logcom/exn060},
	journal = {J. Log. Comput.},
	number = {1},
	pages = {55--76},
	timestamp = {Wed, 25 Feb 2015 08:15:00 +0100},
	title = {Tableaux for Public Announcement Logic},
	url = {http://dx.doi.org/10.1093/logcom/exn060},
	volume = {20},
	year = {2010}
}

@article{van2007dynamic,
	author = {Johan {Van Benthem}},
	journal = {Journal of applied non-classical logics},
	number = {2},
	pages = {129--155},
	publisher = {Taylor \& Francis},
	title = {Dynamic logic for belief revision},
	volume = {17},
	year = {2007}
}

@inproceedings{baltag2006dynamic,
	author = {Alexandru Baltag and Sonja Smets},
	booktitle = {Proceedings of LOFT},
	pages = {11--24},
	title = {Dynamic belief revision over multi-agent plausibility models},
	volume = {6},
	year = {2006}
}

@article{baltag2008qualitative,
	author = {Alexandru Baltag and Sonja Smets},
	journal = {Texts in logic and games},
	pages = {9--58},
	publisher = {Amsterdam University Press},
	title = {A qualitative theory of dynamic interactive belief revision},
	volume = {3},
	year = {2008}
}

@article{DBLP:journals/apal/DabrowskiMP96,
	author = {Andrew Dabrowski and Lawrence S. Moss and Rohit Parikh},
	bibsource = {dblp computer science bibliography, http://dblp.org},
	biburl = {http://dblp.uni-trier.de/rec/bib/journals/apal/DabrowskiMP96},
	doi = {10.1016/0168-0072(95)00016-X},
	journal = {Ann. Pure Appl. Logic},
	number = {1-3},
	pages = {73--110},
	timestamp = {Fri, 01 Jul 2011 13:42:12 +0200},
	title = {Topological Reasoning and the Logic of Knowledge},
	url = {http://dx.doi.org/10.1016/0168-0072(95)00016-X},
	volume = {78},
	year = {1996}
}

@inproceedings{DBLP:conf/icla/BalbianiDK13,
	author = {Philippe Balbiani and Hans van Ditmarsch and Andrey Kudinov},
	bibsource = {dblp computer science bibliography, http://dblp.org},
	biburl = {http://dblp.uni-trier.de/rec/bib/conf/icla/BalbianiDK13},
	booktitle = {Logic and Its Applications, 5th Indian Conference, {ICLA} 2013, Chennai, India, January 10-12, 2013. Proceedings},
	doi = {10.1007/978-3-642-36039-8_21},
	pages = {233--244},
	timestamp = {Wed, 25 Feb 2015 08:14:59 +0100},
	title = {Subset Space Logic with Arbitrary Announcements},
	url = {http://dx.doi.org/10.1007/978-3-642-36039-8_21},
	year = {2013}
}

@book{van2015one,
	author = {Hans van Ditmarsch and Barteld Kooi},
	publisher = {Springer},
	title = {One Hundred Prisoners and a Light Bulb},
	year = {2015}
}

@article{DBLP:journals/arobots/Scassellati02,
	author = {Brian Scassellati},
	bibsource = {dblp computer science bibliography, http://dblp.org},
	biburl = {http://dblp.uni-trier.de/rec/bib/journals/arobots/Scassellati02},
	doi = {10.1023/A:1013298507114},
	journal = {Auton. Robots},
	number = {1},
	pages = {13--24},
	timestamp = {Thu, 19 May 2011 15:52:10 +0200},
	title = {Theory of Mind for a Humanoid Robot},
	url = {http://dx.doi.org/10.1023/A:1013298507114},
	volume = {12},
	year = {2002}
}

@article{EPFL-ARTICLE-201546,
	author = {S{\'e}verin Lemaignan and Mathieu Warnier and Akin E. Sisbot and Rachid Alami},
	journal = {Artificial {I}ntelligence},
	title = {Human-{R}obot {I}nteraction: {T}ackling the {AI} {C}hallenges},
	unit = {CHILI},
	year = 2014
}

@inproceedings{lemaignan2010oro,
	author = {S{\'e}verin Lemaignan and Raquel Ros and L Mosenlechner and Rachid Alami and Michael Beetz},
	booktitle = {Intelligent Robots and Systems (IROS), 2010 IEEE/RSJ International Conference on},
	organization = {IEEE},
	pages = {3548--3553},
	title = {ORO, a knowledge management platform for cognitive architectures in robotics},
	year = {2010}
}

@book{papadimitriou2003computational,
	author = {Christos H Papadimitriou},
	publisher = {John Wiley and Sons Ltd.},
	title = {Computational complexity},
	year = {2003}
}

@article{plaza2007logics,
	author = {Jan Plaza},
	journal = {Synthese},
	number = {2},
	pages = {165--179},
	publisher = {Springer},
	title = {Logics of public communications},
	volume = {158},
	year = {2007}
}

@article{baron1985does,
	author = {Simon Baron-Cohen and Alan M Leslie and Uta Frith},
	journal = {Cognition},
	number = {1},
	pages = {37--46},
	publisher = {Elsevier},
	title = {Does the autistic child have a ``theory of mind''?},
	volume = {21},
	year = {1985}
}


@inproceedings{DBLP:conf/hri/DevinA16,
	author = {Sandra Devin and Rachid Alami},
	bibsource = {dblp computer science bibliography, http://dblp.org},
	biburl = {http://dblp.uni-trier.de/rec/bib/conf/hri/DevinA16},
	booktitle = {The Eleventh {ACM/IEEE} International Conference on Human Robot Interation, {HRI} 2016, Christchurch, New Zealand, March 7-10, 2016},
	doi = {10.1109/HRI.2016.7451768},
	pages = {319--326},
	timestamp = {Wed, 20 Apr 2016 10:45:10 +0200},
	title = {An Implemented Theory of Mind to Improve Human-Robot Shared Plans Execution},
	url = {http://dx.doi.org/10.1109/HRI.2016.7451768},
	year = {2016}
}

@inproceedings{DBLP:conf/lori/LowePW11,
	author = {Benedikt L{\"o}we and Eric Pacuit and Andreas Witzel},
	bibsource = {dblp computer science bibliography, http://dblp.org},
	biburl = {http://dblp.uni-trier.de/rec/bib/conf/lori/LowePW11},
	booktitle = {Logic, Rationality, and Interaction - Third International Workshop, {LORI} 2011, Guangzhou, China, October 10-13, 2011. Proceedings},
	doi = {10.1007/978-3-642-24130-7_13},
	pages = {179--192},
	timestamp = {Wed, 25 Feb 2015 08:15:00 +0100},
	title = {{DEL} Planning and Some Tractable Cases},
	url = {http://dx.doi.org/10.1007/978-3-642-24130-7_13},
	year = {2011}
}

@article{DBLP:journals/sLogica/Aucher10,
	author = {Guillaume Aucher},
	bibsource = {dblp computer science bibliography, http://dblp.org},
	biburl = {http://dblp.uni-trier.de/rec/bib/journals/sLogica/Aucher10},
	doi = {10.1007/s11225-010-9227-9},
	journal = {Studia Logica},
	number = {1},
	pages = {1--22},
	timestamp = {Fri, 05 Mar 2010 09:49:11 +0100},
	title = {An Internal Version of Epistemic Logic},
	url = {http://dx.doi.org/10.1007/s11225-010-9227-9},
	volume = {94},
	year = {2010}
}

@article{wimmer1983beliefs,
	author = {Heinz Wimmer and Josef Perner},
	journal = {Cognition},
	number = {1},
	pages = {103--128},
	publisher = {Elsevier},
	title = {Beliefs about beliefs: Representation and constraining function of wrong beliefs in young children's understanding of deception},
	volume = {13},
	year = {1983}
}

@article{baron1985does-2,
	author = {Simon Baron-Cohen and Alan M Leslie and Uta Frith},
	journal = {Cognition},
	number = {1},
	pages = {37--46},
	publisher = {Elsevier},
	title = {Does the autistic child have a ``theory of mind''?},
	volume = {21},
	year = {1985}
}

@article{tager2007evaluating,
	author = {Helen Tager-Flusberg},
	journal = {Current directions in psychological science},
	number = {6},
	pages = {311--315},
	publisher = {SAGE Publications Sage CA: Los Angeles, CA},
	title = {Evaluating the theory-of-mind hypothesis of autism},
	volume = {16},
	year = {2007}
}

@unpublished{positivearbitraryannouncementlogic,
	author = {Hans van Ditmarsch and Tim French and James Hales},
	title = {Positive announcements (under submission)}
}

@article{DBLP:journals/iandc/BozzelliDFHP14,
	author = {Laura Bozzelli and Hans van Ditmarsch and Tim French and James Hales and Sophie Pinchinat},
	bibsource = {dblp computer science bibliography, http://dblp.org},
	biburl = {http://dblp.dagstuhl.de/rec/bib/journals/iandc/BozzelliDFHP14},
	doi = {10.1016/j.ic.2014.07.013},
	journal = {Inf. Comput.},
	pages = {303--339},
	timestamp = {Tue, 17 Jan 2017 08:03:01 +0100},
	title = {Refinement modal logic},
	url = {http://dx.doi.org/10.1016/j.ic.2014.07.013},
	volume = {239},
	year = {2014}
}

@article{DBLP:journals/corr/DitmarschHK16,
	author = {Hans van Ditmarsch and Wiebe van der Hoek and Louwe B. Kuijer},
	bibsource = {dblp computer science bibliography, http://dblp.org},
	biburl = {http://dblp.dagstuhl.de/rec/bib/journals/corr/DitmarschHK16},
	journal = {CoRR},
	timestamp = {Mon, 03 Oct 2016 17:51:10 +0200},
	title = {The Undecidability of Arbitrary Arrow Update Logic},
	url = {http://arxiv.org/abs/1609.05686},
	volume = {abs/1609.05686},
	year = {2016}
}

@article{DBLP:journals/sLogica/AgotnesDF16,
	author = {Thomas {\AA}gotnes and Hans van Ditmarsch and Timothy Noel French},
	bibsource = {dblp computer science bibliography, http://dblp.org},
	biburl = {http://dblp.dagstuhl.de/rec/bib/journals/sLogica/AgotnesDF16},
	doi = {10.1007/s11225-016-9657-0},
	journal = {Studia Logica},
	number = {4},
	pages = {597--640},
	timestamp = {Wed, 18 Jan 2017 07:34:03 +0100},
	title = {The Undecidability of Quantified Announcements},
	url = {http://dx.doi.org/10.1007/s11225-016-9657-0},
	volume = {104},
	year = {2016}
}

@inproceedings{DBLP:conf/atal/AgotnesDF14-2,
	author = {Thomas {\AA}gotnes and Hans van Ditmarsch and Tim French},
	bibsource = {dblp computer science bibliography, http://dblp.org},
	biburl = {http://dblp.dagstuhl.de/rec/bib/conf/atal/AgotnesDF14},
	booktitle = {International conference on Autonomous Agents and Multi-Agent Systems, {AAMAS} '14, Paris, France, May 5-9, 2014},
	pages = {893--900},
	timestamp = {Tue, 17 Jan 2017 08:03:01 +0100},
	title = {The undecidability of group announcements},
	url = {http://dl.acm.org/citation.cfm?id=2615874},
	year = {2014}
}

@article{10.2307/3219146,
 ISSN = {0025570X, 19300980},
 URL = {http://www.jstor.org/stable/3219146},
 author = {David M. Clark},
 journal = {Mathematics Magazine},
 number = {2},
 pages = {123--129},
 publisher = {Mathematical Association of America},
 title = {The Consecutive Integer Game},
 volume = {75},
 year = {2002}
}

@article{mccarthy1987formalization,
	title={Formalization of two puzzles involving knowledge},
	author={McCarthy, John},
	year={1987}
}

@inproceedings{DBLP:conf/ecsi/Bolander14,
  author    = {Thomas Bolander},
  title     = {Seeing is Believing: Formalising False-Belief Tasks in Dynamic Epistemic
               Logic},
  booktitle = {Proceedings of the European Conference on Social Intelligence (ECSI-2014),
               Barcelona, Spain, November 3-5, 2014.},
  pages     = {87--107},
  year      = {2014},
  url       = {http://ceur-ws.org/Vol-1283/paper_14.pdf},
  timestamp = {Mon, 30 May 2016 16:28:38 +0200},
  biburl    = {https://dblp.org/rec/bib/conf/ecsi/Bolander14},
  bibsource = {dblp computer science bibliography, https://dblp.org}
}


@inproceedings{DBLP:conf/aiml/FrenchD08-2,
	author = {Tim French and Hans P. van Ditmarsch},
	bibsource = {dblp computer science bibliography, http://dblp.org},
	biburl = {http://dblp.dagstuhl.de/rec/bib/conf/aiml/FrenchD08},
	booktitle = {Advances in Modal Logic 7, papers from the seventh conference on "Advances in Modal Logic," held in Nancy, France, 9-12 September 2008},
	crossref = {DBLP:conf/aiml/2008},
	pages = {23--42},
	timestamp = {Tue, 17 Jan 2017 08:03:01 +0100},
	title = {Undecidability for arbitrary public announcement logic},
	url = {http://www.aiml.net/volumes/volume7/French-vanDitmarsch.pdf},
	year = {2008}
}

@article{hedetniemi,
	author = {Sandra Mitchell Hedetniemi and Stephen T. Hedetniemi and Arthur L. Liestman},
	doi = {10.1002/net.3230180406},
	journal = {Networks},
	number = {4},
	pages = {319--349},
	title = {A survey of gossiping and broadcasting in communication networks},
	volume = {18},
	year = {1988}
}



@article{DBLP:journals/jcss/Pratt80,
  author    = {V. R. Pratt},
  title     = {A Near-Optimal Method for Reasoning about Action},
  journal   = {J. Comput. Syst. Sci.},
  volume    = {20},
  number    = {2},
  pages     = {231--254},
  year      = {1980},
  url       = {http://dx.doi.org/10.1016/0022-0000(80)90061-6},
  doi       = {10.1016/0022-0000(80)90061-6},
  timestamp = {Tue, 05 Jul 2011 11:10:30 +0200},
  biburl    = {http://dblp.uni-trier.de/rec/bib/journals/jcss/Pratt80},
  bibsource = {dblp computer science bibliography, http://dblp.org}
}


@inproceedings{DBLP:conf/ecai/CooperHMMR16a,
	author = {Martin C. Cooper and Andreas Herzig and Faustine Maffre and Fr{\'e}d{\'e}ric Maris and Pierre R{\'e}gnier},
	bibsource = {dblp computer science bibliography, http://dblp.org},
	biburl = {http://dblp.uni-trier.de/rec/bib/conf/ecai/CooperHMMR16a},
	booktitle = {{ECAI} 2016 - 22nd European Conference on Artificial Intelligence, 29 August-2 September 2016, The Hague, The Netherlands - Including Prestigious Applications of Artificial Intelligence {(PAIS} 2016)},
	doi = {10.3233/978-1-61499-672-9-1563},
	pages = {1563--1564},
	timestamp = {Tue, 30 Aug 2016 11:14:30 +0200},
	title = {Simple Epistemic Planning: Generalised Gossiping},
	url = {http://dx.doi.org/10.3233/978-1-61499-672-9-1563},
	year = {2016}
}



@article{DBLP:journals/logcom/BenthemEGS18,
  author    = {Johan van Benthem and
               Jan van Eijck and
               Malvin Gattinger and
               Kaile Su},
  title     = {Symbolic model checking for Dynamic Epistemic Logic - {S5} and beyond},
  journal   = {J. Log. Comput.},
  volume    = {28},
  number    = {2},
  pages     = {367--402},
  year      = {2018},
  url       = {https://doi.org/10.1093/logcom/exx038},
  doi       = {10.1093/logcom/exx038},
  timestamp = {Fri, 13 Apr 2018 13:40:23 +0200},
  biburl    = {https://dblp.org/rec/bib/journals/logcom/BenthemEGS18},
  bibsource = {dblp computer science bibliography, https://dblp.org}
}



@inproceedings{DBLP:conf/eumas/HerzigM15,
	author = {Andreas Herzig and Faustine Maffre},
	bibsource = {dblp computer science bibliography, http://dblp.org},
	biburl = {http://dblp.uni-trier.de/rec/bib/conf/eumas/HerzigM15},
	booktitle = {Multi-Agent Systems and Agreement Technologies - 13th European Conference, {EUMAS} 2015, and Third International Conference, {AT} 2015, Athens, Greece, December 17-18, 2015, Revised Selected Papers},
	doi = {10.1007/978-3-319-33509-4_20},
	pages = {249--263},
	timestamp = {Mon, 18 Apr 2016 12:42:48 +0200},
	title = {How to Share Knowledge by Gossiping},
	url = {http://dx.doi.org/10.1007/978-3-319-33509-4_20},
	year = {2015}
}

@article{DBLP:journals/dc/HalpernF89,
	author = {Joseph Y. Halpern and Ronald Fagin},
	bibsource = {dblp computer science bibliography, http://dblp.org},
	biburl = {http://dblp.uni-trier.de/rec/bib/journals/dc/HalpernF89},
	doi = {10.1007/BF01784885},
	journal = {Distributed Computing},
	number = {4},
	pages = {159--177},
	timestamp = {Tue, 24 May 2011 14:19:40 +0200},
	title = {Modelling Knowledge and Action in Distributed Systems},
	url = {http://dx.doi.org/10.1007/BF01784885},
	volume = {3},
	year = {1989}
}

@inproceedings{DBLP:conf/atal/EijckG15,
	author = {Jan van Eijck and Malvin Gattinger},
	bibsource = {dblp computer science bibliography, http://dblp.org},
	biburl = {http://dblp.uni-trier.de/rec/bib/conf/atal/EijckG15},
	booktitle = {Proceedings of the 2015 International Conference on Autonomous Agents and Multiagent Systems, {AAMAS} 2015, Istanbul, Turkey, May 4-8, 2015},
	pages = {1795--1796},
	timestamp = {Fri, 15 May 2015 17:42:53 +0200},
	title = {Elements of Epistemic Crypto Logic},
	url = {http://dl.acm.org/citation.cfm?id=2773441},
	year = {2015}
}

@inproceedings{DBLP:conf/paams/DitmarschEHSSS12,
	author = {Hans van Ditmarsch and Jan van Eijck and Ignacio Hern{\'a}ndez{-}Ant{\'o}n and Floor Sietsma and Sunil Simon and Fernando Soler{-}Toscano},
	bibsource = {dblp computer science bibliography, http://dblp.org},
	biburl = {http://dblp.uni-trier.de/rec/bib/conf/paams/DitmarschEHSSS12},
	booktitle = {Highlights on Practical Applications of Agents and Multi-Agent Systems - 10th International Conference on Practical Applications of Agents and Multi-Agent Systems, {PAAMS} 2012 Special Sessions, Salamanca, Spain, 28-30 March, 2012},
	doi = {10.1007/978-3-642-28762-6_19},
	pages = {155--162},
	timestamp = {Mon, 29 Jun 2015 17:51:31 +0200},
	title = {Modelling Cryptographic Keys in Dynamic Epistemic Logic with {DEMO}},
	url = {http://dx.doi.org/10.1007/978-3-642-28762-6_19},
	year = {2012}
}

@article{DBLP:journals/iandc/BenthemEK06,
	author = {Johan van Benthem and Jan van Eijck and Barteld P. Kooi},
	bibsource = {dblp computer science bibliography, http://dblp.org},
	biburl = {http://dblp.uni-trier.de/rec/bib/journals/iandc/BenthemEK06},
	doi = {10.1016/j.ic.2006.04.006},
	journal = {Inf. Comput.},
	number = {11},
	pages = {1620--1662},
	timestamp = {Tue, 13 Feb 2007 15:24:08 +0100},
	title = {Logics of communication and change},
	url = {http://dx.doi.org/10.1016/j.ic.2006.04.006},
	volume = {204},
	year = {2006}
}

@inproceedings{DBLP:conf/aips/KominisG15,
	author = {Filippos Kominis and Hector Geffner},
	bibsource = {dblp computer science bibliography, http://dblp.org},
	biburl = {http://dblp.uni-trier.de/rec/bib/conf/aips/KominisG15},
	booktitle = {Proceedings of the Twenty-Fifth International Conference on Automated Planning and Scheduling, {ICAPS} 2015, Jerusalem, Israel, June 7-11, 2015.},
	pages = {147--155},
	timestamp = {Tue, 26 May 2015 21:11:05 +0200},
	title = {Beliefs In Multiagent Planning: From One Agent to Many},
	url = {http://www.aaai.org/ocs/index.php/ICAPS/ICAPS15/paper/view/10617},
	year = {2015}
}

@inproceedings{DBLP:conf/lori/BenthemEGS15-2,
	author = {Johan van Benthem and Jan van Eijck and Malvin Gattinger and Kaile Su},
	bibsource = {dblp computer science bibliography, http://dblp.org},
	biburl = {http://dblp.uni-trier.de/rec/bib/conf/lori/BenthemEGS15},
	booktitle = {Logic, Rationality, and Interaction - 5th International Workshop, {LORI} 2015 Taipei, Taiwan, October 28-31, 2015, Proceedings},
	crossref = {DBLP:conf/lori/2015},
	doi = {10.1007/978-3-662-48561-3_30},
	pages = {366--378},
	timestamp = {Thu, 29 Oct 2015 12:38:16 +0100},
	title = {Symbolic Model Checking for Dynamic Epistemic Logic},
	url = {http://dx.doi.org/10.1007/978-3-662-48561-3_30},
	year = {2015}
}

@article{barker2007tarski,
	author = {David Barker-Plummer and Jon Barwise and John Etchemendy},
	title = {Tarski's World: Revised and Expanded},
	year = {2007}
}

@inproceedings{van2007demo,
	author = {Jan van Eijck},
	booktitle = {Interactive Logic. Selected Papers from the 7th Augustus de Morgan Workshop, London},
	pages = {303--362},
	title = {DEMO---a demo of epistemic modelling},
	volume = {1},
	year = {2007}
}

@book{DBLP:books/daglib/0070442,
	author = {Drew Fudenberg and Jean Tirole},
	bibsource = {dblp computer science bibliography, http://dblp.org},
	biburl = {http://dblp.uni-trier.de/rec/bib/books/daglib/0070442},
	isbn = {978-0-262-06141-4},
	publisher = {{MIT} Press},
	timestamp = {Wed, 27 Apr 2011 17:30:29 +0200},
	title = {Game theory {(3.} pr.)},
	year = {1991}
}

@book{carlton2005modern,
	author = {Dennis W Carlton and Jeffrey M Perloff},
	publisher = {Pearson/Addison Wesley New York, NY},
	title = {Modern industrial organization},
	year = {2005}
}

@article{DBLP:journals/japll/WangA15,
	author = {Y\`{\i} N. W{\'a}ng and Thomas {\AA}gotnes},
	bibsource = {dblp computer science bibliography, http://dblp.org},
	biburl = {http://dblp.uni-trier.de/rec/bib/journals/japll/WangA15},
	doi = {10.1016/j.jal.2015.06.004},
	journal = {J. Applied Logic},
	number = {3},
	pages = {370--393},
	timestamp = {Wed, 18 Nov 2015 15:46:58 +0100},
	title = {Relativized common knowledge for dynamic epistemic logic},
	url = {http://dx.doi.org/10.1016/j.jal.2015.06.004},
	volume = {13},
	year = {2015}
}

@inproceedings{DBLP:conf/ecai/LangZ12,
	author = {J{\'e}r{\^o}me Lang and Bruno Zanuttini},
	bibsource = {dblp computer science bibliography, http://dblp.org},
	biburl = {http://dblp.uni-trier.de/rec/bib/conf/ecai/LangZ12},
	booktitle = {{ECAI} 2012 - 20th European Conference on Artificial Intelligence. Including Prestigious Applications of Artificial Intelligence {(PAIS-2012)} System Demonstrations Track, Montpellier, France, August 27-31 , 2012},
	doi = {10.3233/978-1-61499-098-7-504},
	pages = {504--509},
	timestamp = {Thu, 06 Sep 2012 14:47:21 +0200},
	title = {Knowledge-Based Programs as Plans - The Complexity of Plan Verification},
	url = {http://dx.doi.org/10.3233/978-1-61499-098-7-504},
	year = {2012}
}

@inproceedings{DBLP:conf/tark/LangZ13,
	author = {J{\'e}r{\^o}me Lang and Bruno Zanuttini},
	bibsource = {dblp computer science bibliography, http://dblp.org},
	biburl = {http://dblp.uni-trier.de/rec/bib/conf/tark/LangZ13},
	booktitle = {Proceedings of the 14th Conference on Theoretical Aspects of Rationality and Knowledge {(TARK} 2013), Chennai, India, January 7-9, 2013},
	timestamp = {Wed, 30 Mar 2016 18:10:00 +0200},
	title = {Knowledge-Based Programs as Plans: Succinctness and the Complexity of Plan Existence},
	url = {http://www.tark.org/proceedings/tark_jan7_13/p138-lang.pdf},
	year = {2013}
}

@inproceedings{DBLP:conf/ijcai/NiveauZ16,
	author = {Alexandre Niveau and Bruno Zanuttini},
	bibsource = {dblp computer science bibliography, http://dblp.org},
	biburl = {http://dblp.uni-trier.de/rec/bib/conf/ijcai/NiveauZ16},
	booktitle = {Proceedings of the Twenty-Fifth International Joint Conference on Artificial Intelligence, {IJCAI} 2016, New York, NY, USA, 9-15 July 2016},
	pages = {1223--1229},
	timestamp = {Fri, 15 Jul 2016 15:58:28 +0200},
	title = {Efficient Representations for the Modal Logic {S5}},
	url = {http://www.ijcai.org/Abstract/16/177},
	year = {2016}
}

@inproceedings{DBLP:conf/ijcai/GiacomoV16,
	author = {Giuseppe {De Giacomo} and Moshe Y. Vardi},
	bibsource = {dblp computer science bibliography, http://dblp.org},
	biburl = {http://dblp.org/rec/bib/conf/ijcai/GiacomoV16},
	booktitle = {Proceedings of the Twenty-Fifth International Joint Conference on Artificial Intelligence, {IJCAI} 2016, New York, NY, USA, 9-15 July 2016},
	pages = {1044--1050},
	timestamp = {Fri, 15 Jul 2016 15:58:28 +0200},
	title = {LTL\({}\_{\mbox{f}}\) and LDL\({}\_{\mbox{f}}\) Synthesis under Partial Observability},
	url = {http://www.ijcai.org/Abstract/16/152},
	year = {2016}
}

@book{wooldridge2009introduction,
	author = {Michael Wooldridge},
	publisher = {John Wiley \& Sons},
	title = {An introduction to multiagent systems},
	year = {2009}
}

@book{DBLP:books/daglib/0032304,
	author = {Michel Raynal},
	bibsource = {dblp computer science bibliography, http://dblp.org},
	biburl = {http://dblp.org/rec/bib/books/daglib/0032304},
	doi = {10.1007/978-3-642-38123-2},
	isbn = {978-3-642-38122-5},
	publisher = {Springer},
	timestamp = {Tue, 16 May 2017 14:01:34 +0200},
	title = {Distributed Algorithms for Message-Passing Systems},
	url = {https://doi.org/10.1007/978-3-642-38123-2},
	year = {2013}
}

@inproceedings{davis1983epistemic,
	author = {Ernest Davis and Leora Morgenstern},
	booktitle = {International Joint Conferences on Artificial Intelligence},
	title = {Epistemic logic and its applications: Tutorial notes},
	volume = {93},
	year = {1983}
}

@inproceedings{DBLP:conf/kr/HalpernV91,
	author = {Joseph Y. Halpern and Moshe Y. Vardi},
	bibsource = {dblp computer science bibliography, http://dblp.org},
	biburl = {http://dblp.org/rec/bib/conf/kr/HalpernV91},
	booktitle = {Proceedings of the 2nd International Conference on Principles of Knowledge Representation and Reasoning (KR'91). Cambridge, MA, USA, April 22-25, 1991.},
	pages = {325--334},
	timestamp = {Fri, 18 May 2012 15:03:00 +0200},
	title = {Model Checking vs. Theorem Proving: {A} Manifesto},
	year = {1991}
}

@incollection{HORROCKS2007181,
	author = {Ian Horrocks and Ullrich Hustadt and Ulrike Sattler and Renate Schmidt},
	booktitle = {Handbook of Modal Logic},
	doi = {10.1016/S1570-2464(07)80007-3},
	editor = {Patrick Blackburn and Johan Van Benthem and Frank Wolter},
	issn = {1570-2464},
	pages = {181--245},
	publisher = {Elsevier},
	series = {Studies in Logic and Practical Reasoning},
	title = {4 Computational modal logic},
	url = {http://www.sciencedirect.com/science/article/pii/S1570246407800073},
	volume = {3},
	year = {2007}
}

@book{meyer2004epistemic,
	author = {J-J Ch Meyer and Wiebe {Van Der Hoek}},
	publisher = {Cambridge University Press},
	title = {Epistemic logic for AI and computer science},
	volume = {41},
	year = {2004}
}





@article{DBLP:journals/synthese/Gierasimczuk09,
  author    = {Nina Gierasimczuk},
  title     = {Bridging learning theory and dynamic epistemic logic},
  journal   = {Synthese},
  volume    = {169},
  number    = {2},
  pages     = {371--384},
  year      = {2009},
  url       = {https://doi.org/10.1007/s11229-009-9549-1},
  doi       = {10.1007/s11229-009-9549-1},
  timestamp = {Sat, 20 May 2017 00:23:15 +0200},
  biburl    = {https://dblp.org/rec/bib/journals/synthese/Gierasimczuk09},
  bibsource = {dblp computer science bibliography, https://dblp.org}
}



@inproceedings{DBLP:conf/aaai/Lorini18,
  author    = {Emiliano Lorini},
  title     = {In Praise of Belief Bases: Doing Epistemic Logic Without Possible
               Worlds},
  booktitle = {Proceedings of the Thirty-Second {AAAI} Conference on Artificial Intelligence,
               New Orleans, Louisiana, USA, February 2-7, 2018},
  year      = {2018},
  url       = {https://www.aaai.org/ocs/index.php/AAAI/AAAI18/paper/view/16867},
  timestamp = {Thu, 03 May 2018 17:03:19 +0200},
  biburl    = {https://dblp.org/rec/bib/conf/aaai/Lorini18},
  bibsource = {dblp computer science bibliography, https://dblp.org}
}



@article{DBLP:journals/ai/FaginH87,
  author    = {Ronald Fagin and
               Joseph Y. Halpern},
  title     = {Belief, Awareness, and Limited Reasoning.},
  journal   = {Artif. Intell.},
  volume    = {34},
  number    = {1},
  pages     = {39--76},
  year      = {1987},
  url       = {https://doi.org/10.1016/0004-3702(87)90003-8},
  doi       = {10.1016/0004-3702(87)90003-8},
  timestamp = {Sat, 27 May 2017 14:24:41 +0200},
  biburl    = {https://dblp.org/rec/bib/journals/ai/FaginH87},
  bibsource = {dblp computer science bibliography, https://dblp.org}
}


@inproceedings{BrafmanSZ2013,
  author    = {Brafman, Ronen I. and Shani, Guy and Zilberstein, Shlomo},
  title     = {Qualitative Planning under Partial Observability in Multi-Agent Domains},
  booktitle = {Proc. 27th AAAI Conference on Artificial Intelligence (AAAI~2013)},
  publisher = {{AAAI} Press},
  year      = {2013},
  pages =     {130--137}
}

@inproceedings{DBLP:conf/aaai/Levesque84,
  author    = {Hector J. Levesque},
  title     = {A Logic of Implicit and Explicit Belief},
  booktitle = {Proceedings of the National Conference on Artificial Intelligence.
               Austin, TX, August 6-10, 1984.},
  pages     = {198--202},
  year      = {1984},
  url       = {http://www.aaai.org/Library/AAAI/1984/aaai84-038.php},
  timestamp = {Wed, 12 Dec 2012 15:08:19 +0100},
  biburl    = {https://dblp.org/rec/bib/conf/aaai/Levesque84},
  bibsource = {dblp computer science bibliography, https://dblp.org}
}



@article{DBLP:journals/jolli/Velazquez-Quesada14,
  author    = {Fernando R. Vel{\'{a}}zquez{-}Quesada},
  title     = {Dynamic Epistemic Logic for Implicit and Explicit Beliefs},
  journal   = {Journal of Logic, Language and Information},
  volume    = {23},
  number    = {2},
  pages     = {107--140},
  year      = {2014},
  url       = {https://doi.org/10.1007/s10849-014-9193-0},
  doi       = {10.1007/s10849-014-9193-0},
  timestamp = {Tue, 06 Jun 2017 22:19:29 +0200},
  biburl    = {https://dblp.org/rec/bib/journals/jolli/Velazquez-Quesada14},
  bibsource = {dblp computer science bibliography, https://dblp.org}
}




@article{DBLP:journals/jsyml/AlchourronGM85,
  author    = {Carlos E. Alchourr{\'{o}}n and
               Peter G{\"{a}}rdenfors and
               David Makinson},
  title     = {On the Logic of Theory Change: Partial Meet Contraction and Revision
               Functions},
  journal   = {J. Symb. Log.},
  volume    = {50},
  number    = {2},
  pages     = {510--530},
  year      = {1985},
  url       = {https://doi.org/10.2307/2274239},
  doi       = {10.2307/2274239},
  timestamp = {Sun, 28 May 2017 13:21:52 +0200},
  biburl    = {https://dblp.org/rec/bib/journals/jsyml/AlchourronGM85},
  bibsource = {dblp computer science bibliography, https://dblp.org}
}




@article{DBLP:journals/entcs/BaltagS06a,
  author    = {Alexandru Baltag and
               Sonja Smets},
  title     = {Conditional Doxastic Models: {A} Qualitative Approach to Dynamic Belief
               Revision},
  journal   = {Electr. Notes Theor. Comput. Sci.},
  volume    = {165},
  pages     = {5--21},
  year      = {2006},
  url       = {https://doi.org/10.1016/j.entcs.2006.05.034},
  doi       = {10.1016/j.entcs.2006.05.034},
  timestamp = {Sun, 28 May 2017 13:22:57 +0200},
  biburl    = {https://dblp.org/rec/bib/journals/entcs/BaltagS06a},
  bibsource = {dblp computer science bibliography, https://dblp.org}
}



@inproceedings{McCarthy_Programs59,
	added-at = {2010-03-31T13:55:06.000+0200},
	address = {London},
	author = {John McCarthy},
	biburl = {https://www.bibsonomy.org/bibtex/2eec6b1b7b49a649b4d99d803d9daf975/cbrewster},
	booktitle = {Proceedings of the {T}eddington Conference on the Mechanization of Thought Processes},
	interhash = {73597914e6cc614c92d8eedf4a1dab52},
	intrahash = {eec6b1b7b49a649b4d99d803d9daf975},
	keywords = {},
	pages = {75--91},
	publisher = {Her Majesty's Stationary Office},
	timestamp = {2010-03-31T13:55:06.000+0200},
	title = {Programs with Common Sense},
	url = {http://www-formal.stanford.edu/jmc/mcc59.html},
	year = 1959
}

@article{DBLP:journals/ngc/Rosenschein85,
	author = {Stanley J. Rosenschein},
	bibsource = {dblp computer science bibliography, http://dblp.org},
	biburl = {http://dblp.org/rec/bib/journals/ngc/Rosenschein85},
	doi = {10.1007/BF03037076},
	journal = {New Generation Comput.},
	number = {4},
	pages = {345--357},
	timestamp = {Sun, 28 May 2017 13:20:53 +0200},
	title = {Formal Theories of Knowledge in {AI} and Robotics},
	url = {https://doi.org/10.1007/BF03037076},
	volume = {3},
	year = {1985}
}

@book{audi_2015, place={Cambridge}, edition={3}, title={The Cambridge Dictionary of Philosophy}, DOI={10.1017/CBO9781139057509}, publisher={Cambridge University Press}, year={2015}}


@inproceedings{DBLP:conf/tark/RosenscheinK86,
	author = {Stanley J. Rosenschein and Leslie Pack Kaelbling},
	bibsource = {dblp computer science bibliography, http://dblp.org},
	biburl = {http://dblp.org/rec/bib/conf/tark/RosenscheinK86},
	booktitle = {Proceedings of the 1st Conference on Theoretical Aspects of Reasoning about Knowledge, Monterey, CA, March 1986},
	pages = {83--98},
	timestamp = {Tue, 05 Mar 2002 15:50:56 +0100},
	title = {The Synthesis of Digital Machines With Provable Epistemic Properties},
	year = {1986}
}

@inproceedings{DBLP:conf/aiml/FrenchHT14,
	author = {Tim French and James Hales and Edwin Tay},
	bibsource = {dblp computer science bibliography, http://dblp.org},
	biburl = {http://dblp.org/rec/bib/conf/aiml/FrenchHT14},
	booktitle = {Advances in Modal Logic 10, invited and contributed papers from the tenth conference on "Advances in Modal Logic," held in Groningen, The Netherlands, August 5-8, 2014},
	pages = {197--216},
	timestamp = {Tue, 17 Jan 2017 08:03:01 +0100},
	title = {A Composable Language for Action Models},
	url = {http://www.aiml.net/volumes/volume10/French-Hales-Tay.pdf},
	year = {2014}
}

@article{DBLP:journals/algorithmica/MosesT88,
	author = {Yoram Moses and Mark R. Tuttle},
	bibsource = {dblp computer science bibliography, http://dblp.org},
	biburl = {http://dblp.dagstuhl.de/rec/bib/journals/algorithmica/MosesT88},
	doi = {10.1007/BF01762112},
	journal = {Algorithmica},
	pages = {121--169},
	timestamp = {Wed, 18 May 2011 16:16:33 +0200},
	title = {Programming Simultaneous Actions Using Common Knowledge},
	url = {http://dx.doi.org/10.1007/BF01762112},
	volume = {3},
	year = {1988}
}

@article{DBLP:journals/jacm/HalpernM90-2,
	author = {Joseph Y. Halpern and Yoram Moses},
	bibsource = {dblp computer science bibliography, https://dblp.org},
	biburl = {https://dblp.org/rec/bib/journals/jacm/HalpernM90},
	doi = {10.1145/79147.79161},
	journal = {J. {ACM}},
	number = {3},
	pages = {549--587},
	timestamp = {Thu, 20 Nov 2003 12:28:10 +0100},
	title = {Knowledge and Common Knowledge in a Distributed Environment},
	url = {http://doi.acm.org/10.1145/79147.79161},
	volume = {37},
	year = {1990}
}

@inproceedings{DBLP:conf/tark/DegremontLW11,
	author = {C{\'e}dric D{\'e}gremont and Benedikt L{\"o}we and Andreas Witzel},
	booktitle = {TARK '11},
	title = {The synchronicity of dynamic epistemic logic},
	year = {2011}
}

@inproceedings{DBLP:conf/wollic/Lambalgen10,
	author = {Michiel van Lambalgen},
	bibsource = {dblp computer science bibliography, http://dblp.org},
	biburl = {http://dblp.uni-trier.de/rec/bib/conf/wollic/Lambalgen10},
	booktitle = {Logic, Language, Information and Computation, 17th International Workshop, WoLLIC 2010, Brasilia, Brazil, July 6-9, 2010. Proceedings},
	pages = {59--83},
	timestamp = {Wed, 07 Jul 2010 10:43:09 +0200},
	title = {Logical Form as a Determinant of Cognitive Processes},
	year = {2010}
}

@inproceedings{DBLP:conf/wollic/BraunerBP16,
	author = {Torben Bra{\"u}ner and Patrick Blackburn and Irina Polyanskaya},
	bibsource = {dblp computer science bibliography, http://dblp.org},
	biburl = {http://dblp.uni-trier.de/rec/bib/conf/wollic/BraunerBP16},
	booktitle = {Logic, Language, Information, and Computation - 23rd International Workshop, WoLLIC 2016, Puebla, Mexico, August 16-19th, 2016. Proceedings},
	pages = {125--144},
	timestamp = {Mon, 08 Aug 2016 15:21:23 +0200},
	title = {Second-Order False-Belief Tasks: Analysis and Formalization},
	year = {2016}
}

@book{FaginHalpernVardi,
	author = {R. Fagin and Y. Moses and J.Y. Halpern and M.Y. Vardi},
	isbn = {9780262562003},
	lccn = {94036477},
	publisher = {MIT Press},
	series = {The MIT Press paperback series},
	title = {Reasoning About Knowledge},
	year = {2003}
}

@article{yu1982deadlock,
	author = {Yao-Tin Yu and Mohamed Gouda},
	journal = {IEEE Transactions on Communications},
	number = {12},
	pages = {2514--2518},
	publisher = {IEEE},
	title = {Deadlock detection for a class of communicating finite state machines},
	volume = {30},
	year = {1982}
}

@article{brand1983communicating,
	author = {Daniel Brand and Pitro Zafiropulo},
	journal = {Journal of the ACM (JACM)},
	number = {2},
	pages = {323--342},
	publisher = {ACM},
	title = {On communicating finite-state machines},
	volume = {30},
	year = {1983}
}

@inproceedings{chambart2008mixing,
	author = {Pierre Chambart and Ph Schnoebelen},
	booktitle = {International Conference on Concurrency Theory},
	organization = {Springer},
	pages = {340--355},
	title = {Mixing lossy and perfect fifo channels},
	year = {2008}
}

@article{tarski1955lattice,
	author = {Alfred Tarski},
	journal = {Pac. jrn. of Math},
	number = {2},
	pages = {285--309},
	title = {A lattice-theoretical fixpoint theorem and its applications},
	volume = {5},
	year = {1955}
}

@proceedings{DBLP:conf/lics/2013,
	bibsource = {DBLP, http://dblp.uni-trier.de},
	booktitle = {LICS},
	ee = {http://ieeexplore.ieee.org/xpl/mostRecentIssue.jsp?punumber=6570844},
	isbn = {978-1-4799-0413-6},
	publisher = {IEEE Computer Society},
	title = {28th Annual ACM/IEEE Symposium on Logic in Computer Science, LICS 2013, New Orleans, LA, USA, June 25-28, 2013},
	year = {2013}
}

@proceedings{DBLP:conf/aiml/2008,
	bibsource = {DBLP, http://dblp.uni-trier.de},
	booktitle = {Advances in Modal Logic},
	editor = {Carlos Areces and Robert Goldblatt},
	isbn = {978-1-904987-68-0},
	publisher = {College Publications},
	title = {Advances in Modal Logic 7, papers from the seventh conference on "Advances in Modal Logic," held in Nancy, France, 9-12 September 2008},
	year = {2008}
}

@proceedings{DBLP:conf/tark/2007,
	bibsource = {DBLP, http://dblp.uni-trier.de},
	booktitle = {TARK},
	editor = {Dov Samet},
	title = {Proceedings of the 11th Conference on Theoretical Aspects of Rationality and Knowledge (TARK-2007), Brussels, Belgium, June 25-27, 2007},
	year = {2007}
}

@proceedings{DBLP:conf/jelia/2012,
	bibsource = {DBLP, http://dblp.uni-trier.de},
	booktitle = {JELIA},
	editor = {Luis Fari{\~n}as del Cerro and Andreas Herzig and J{\'e}r{\^o}me Mengin},
	ee = {http://dx.doi.org/10.1007/978-3-642-33353-8},
	isbn = {978-3-642-33352-1},
	publisher = {Springer},
	series = {Lecture Notes in Computer Science},
	title = {Logics in Artificial Intelligence - 13th European Conference, JELIA 2012, Toulouse, France, September 26-28, 2012. Proceedings},
	volume = {7519},
	year = {2012}
}

@proceedings{DBLP:conf/ijcai/2013,
	bibsource = {DBLP, http://dblp.uni-trier.de},
	booktitle = {IJCAI},
	editor = {Francesca Rossi},
	isbn = {978-1-57735-633-2},
	publisher = {IJCAI/AAAI},
	title = {IJCAI 2013, Proceedings of the 23rd International Joint Conference on Artificial Intelligence, Beijing, China, August 3-9, 2013},
	year = {2013}
}



@article{Gerbrandy97,
  author    = {Jelle Gerbrandy and
               Willem Groeneveld},
  title     = {Reasoning about Information Change},
  journal   = {Journal of Logic, Language and Information},
  volume    = {6},
  number    = {2},
  pages     = {147--169},
  year      = {1997},
  doi       = {10.1023/A:1008222603071},
  timestamp = {Thu, 26 May 2011 15:24:45 +0200},
  biburl    = {http://dblp.uni-trier.de/rec/bib/journals/jolli/GerbrandyG97},
  bibsource = {dblp computer science bibliography, http://dblp.org}
}




@article{Baltag04,
	publisher = {Springer},
	volume = {139},
	year = {2004},
	journal = {Synthese},
	pages = {165--224},
	number = {2},
	author = {Alexandru Baltag and Lawrence S. Moss},
	title = {Logics for Epistemic Programs}
}




@inproceedings{Baltag08,
    author = {A. Baltag and H. P. Van Ditmarsch and L. S. Moss},
    title = {Epistemic logic and information update},
    editor = {Pieter Adriaans and Johan van Benthem},
    year = {2008},
    pages = {361-455},
    booktitle = {Philosophy of Information},
    volume = {Volume 8. A volume in Handbook of the Philosophy of Science},
    publisher = {Elsevier Science Publishers},
    isbn = {978-0-444-51726-5}
}






@article{DBLP:journals/igpl/Blackburn00,
  author    = {Patrick Blackburn},
  title     = {Representation, Reasoning, and Relational Structures: a Hybrid Logic
               Manifesto},
  journal   = {Logic Journal of the {IGPL}},
  volume    = {8},
  number    = {3},
  pages     = {339--365},
  year      = {2000},
  url       = {https://doi.org/10.1093/jigpal/8.3.339},
  doi       = {10.1093/jigpal/8.3.339},
  timestamp = {Fri, 28 Apr 2017 12:46:33 +0200},
  biburl    = {https://dblp.org/rec/bib/journals/igpl/Blackburn00},
  bibsource = {dblp computer science bibliography, https://dblp.org}
}

@article{Jones99,
    author = {Bryan D. Jones},
    title = {Bounded Rationality},
    booktitle = {Annual Review of Political Science},
    year = {1999},
    volume = {2},
    number = {1},
    pages = {297-321},
    doi = {10.1146/annurev.polisci.2.1.297}
}


@book{DBLP:books/daglib/0070910,
  author    = {Glynn Winskel},
  title     = {The formal semantics of programming languages - an introduction},
  publisher = {{MIT} Press},
  year      = {1993},
  }




@article{Prakash,
  author    = {Prakash Panangaden and
               Kim Taylor},
  title     = {Concurrent Common Knowledge: Defining Agreement for Asynchronous Systems},
  journal   = {Distributed Computing},
  volume    = {6},
  number    = {2},
  pages     = {73--93},
  year      = {1992},
  url       = {https://doi.org/10.1007/BF02252679},
  doi       = {10.1007/BF02252679},
  timestamp = {Sun, 28 May 2017 13:19:05 +0200},
  biburl    = {http://dblp.uni-trier.de/rec/bib/journals/dc/PanangadenT92},
  bibsource = {dblp computer science bibliography, http://dblp.org}
}




@article{Lamport,
  author    = {Leslie Lamport},
  title     = {Time, Clocks, and the Ordering of Events in a Distributed System},
  journal   = {Commun. {ACM}},
  volume    = {21},
  number    = {7},
  pages     = {558--565},
  year      = {1978},
  url       = {http://doi.acm.org/10.1145/359545.359563},
  doi       = {10.1145/359545.359563},
  timestamp = {Tue, 07 Jun 2011 16:51:14 +0200},
  biburl    = {http://dblp.uni-trier.de/rec/bib/journals/cacm/Lamport78},
  bibsource = {dblp computer science bibliography, http://dblp.org}
}


@article{Vardi,
 author = {Fagin, Ronald and Halpern, Joseph Y. and Vardi, Moshe Y.},
 title = {What Can Machines Know?: On the Properties of Knowledge in Distributed Systems},
 journal = {J. ACM},
 issue_date = {April 1992},
 year = {1992},
 publisher = {ACM},
} 




@article{vd17,
  author    = {Hans van Ditmarsch},
  title     = {Asynchronous Announcements},
  journal   = {CoRR},
  volume    = {abs/1705.03392},
  year      = {2017},
  url       = {http://arxiv.org/abs/1705.03392},
  timestamp = {Wed, 07 Jun 2017 14:40:43 +0200},
  biburl    = {http://dblp.uni-trier.de/rec/bib/journals/corr/Ditmarsch17},
  bibsource = {dblp computer science bibliography, http://dblp.org}
}



@incollection{griesmayer2013,
  title={Model Checking Distributed Systems against Temporal-Epistemic Specifications},
  author={Griesmayer, Andreas and Lomuscio, Alessio},
  booktitle={Formal Techniques for Distributed Systems},
  pages={130--145},
  year={2013},
  publisher={Springer}
}
















@book{DBLP:books/daglib/0006578,
  author    = {Stephen Wolfram},
  title     = {A new kind of science},
  publisher = {Wolfram-Media},
  year      = {2002},
  isbn      = {978-1-57955-008-0},
  timestamp = {Thu, 07 Apr 2011 16:15:59 +0200},
  biburl    = {http://dblp.org/rec/bib/books/daglib/0006578},
  bibsource = {dblp computer science bibliography, http://dblp.org}
}



@inproceedings{DBLP:conf/lfcs/Margenstern97,
  author    = {Maurice Margenstern},
  title     = {Decidability and Undecidability of the Halting Problem on Turing Machines,
               a Survey},
  booktitle = {Logical Foundations of Computer Science, 4th International Symposium,
               LFCS'97, Yaroslavl, Russia, July 6-12, 1997, Proceedings},
  pages     = {226--236},
  year      = {1997},
  url       = {https://doi.org/10.1007/3-540-63045-7_23},
  doi       = {10.1007/3-540-63045-7_23},
  timestamp = {Mon, 22 May 2017 17:11:04 +0200},
  biburl    = {http://dblp.org/rec/bib/conf/lfcs/Margenstern97},
  bibsource = {dblp computer science bibliography, http://dblp.org}
}




@inproceedings{DBLP:conf/focs/Smith68,
  author    = {Alvy Ray {Smith}},
  title     = {Simple Computation-Universal Cellular Spaces and Self-Reproduction},
  booktitle = {9th Annual Symposium on Switching and Automata Theory, Schenectady,
               New York, USA, October 15-18, 1968},
  pages     = {269--277},
  year      = {1968},
  url       = {https://doi.org/10.1109/SWAT.1968.25},
  doi       = {10.1109/SWAT.1968.25},
  timestamp = {Fri, 19 May 2017 01:26:00 +0200},
  biburl    = {http://dblp.org/rec/bib/conf/focs/Smith68},
  bibsource = {dblp computer science bibliography, http://dblp.org}
}











@article{DBLP:journals/mor/BernsteinGIZ02,
  author    = {Daniel S. Bernstein and
               Robert Givan and
               Neil Immerman and
               Shlomo Zilberstein},
  title     = {The Complexity of Decentralized Control of Markov Decision Processes},
  journal   = {Math. Oper. Res.},
  volume    = {27},
  number    = {4},
  pages     = {819--840},
  year      = {2002},
  url       = {https://doi.org/10.1287/moor.27.4.819.297},
  doi       = {10.1287/moor.27.4.819.297},
  timestamp = {Sun, 28 May 2017 13:24:36 +0200},
  biburl    = {https://dblp.org/rec/bib/journals/mor/BernsteinGIZ02},
  bibsource = {dblp computer science bibliography, https://dblp.org}
}








@article{DBLP:journals/rsl/KooiR11,
  author    = {Barteld Kooi and
               Bryan Renne},
  title     = {Arrow Update Logic},
  journal   = {Rew. Symb. Logic},
  volume    = {4},
  number    = {4},
  pages     = {536--559},
  year      = {2011},
  url       = {https://doi.org/10.1017/S1755020311000189},
  doi       = {10.1017/S1755020311000189},
  timestamp = {Sun, 28 May 2017 13:19:58 +0200},
  biburl    = {https://dblp.org/rec/bib/journals/rsl/KooiR11},
  bibsource = {dblp computer science bibliography, https://dblp.org}
}





@inproceedings{DBLP:conf/tark/BenthemGP07,
  author    = {Johan van Benthem and
               Jelle Gerbrandy and
               Eric Pacuit},
  title     = {Merging frameworks for interaction: {DEL} and {ETL}},
  booktitle = {Proceedings of the 11th Conference on Theoretical Aspects of Rationality
               and Knowledge (TARK-2007), Brussels, Belgium, June 25-27, 2007},
  pages     = {72--81},
  year      = {2007},
  url       = {http://doi.acm.org/10.1145/1324249.1324262},
  doi       = {10.1145/1324249.1324262},
  timestamp = {Fri, 04 Apr 2008 14:35:25 +0200},
  biburl    = {https://dblp.org/rec/bib/conf/tark/BenthemGP07},
  bibsource = {dblp computer science bibliography, https://dblp.org}
}






@article{DBLP:journals/logcom/Aucher12,
  author    = {Guillaume Aucher},
  title     = {Private announcement and belief expansion: an internal perspective},
  journal   = {J. Log. Comput.},
  volume    = {22},
  number    = {3},
  pages     = {451--479},
  year      = {2012},
  url       = {https://doi.org/10.1093/logcom/exq056},
  doi       = {10.1093/logcom/exq056},
  timestamp = {Wed, 17 May 2017 14:25:55 +0200},
  biburl    = {https://dblp.org/rec/bib/journals/logcom/Aucher12},
  bibsource = {dblp computer science bibliography, https://dblp.org}
}




@article{DBLP:journals/ai/FikesN71,
  author    = {Richard Fikes and
               Nils J. Nilsson},
  title     = {{STRIPS:} {A} New Approach to the Application of Theorem Proving to
               Problem Solving},
  journal   = {Artif. Intell.},
  volume    = {2},
  number    = {3/4},
  pages     = {189--208},
  year      = {1971},
  url       = {https://doi.org/10.1016/0004-3702(71)90010-5},
  doi       = {10.1016/0004-3702(71)90010-5},
  timestamp = {Sat, 27 May 2017 14:24:41 +0200},
  biburl    = {https://dblp.org/rec/bib/journals/ai/FikesN71},
  bibsource = {dblp computer science bibliography, https://dblp.org}
}




@inproceedings{DBLP:conf/clima/BaralGPS13,
  author    = {Chitta Baral and
               Gregory Gelfond and
               Enrico Pontelli and
               Tran Cao Son},
  title     = {Reasoning about the Beliefs of Agents in Multi-agent Domains in the
               Presence of State Constraints: The Action Language mAL},
  booktitle = {Computational Logic in Multi-Agent Systems - 14th International Workshop,
               {CLIMA} XIV, Corunna, Spain, September 16-18, 2013. Proceedings},
  pages     = {290--306},
  year      = {2013},
  crossref  = {DBLP:conf/clima/2013},
  url       = {https://doi.org/10.1007/978-3-642-40624-9_18},
  doi       = {10.1007/978-3-642-40624-9_18},
  timestamp = {Fri, 02 Jun 2017 20:50:36 +0200},
  biburl    = {https://dblp.org/rec/bib/conf/clima/BaralGPS13},
  bibsource = {dblp computer science bibliography, https://dblp.org}
}




@inproceedings{DBLP:conf/isrr/BreazealGB07,
  author    = {Cynthia Breazeal and
               Jesse Gray and
               Matt Berlin},
  title     = {Mindreading as a Foundational Skill for Socially Intelligent Robots},
  booktitle = {Robotics Research - The 13th International Symposium, {ISRR} 2007,
               November 26-29, 2007 in Hiroshima, Japan},
  pages     = {383--394},
  year      = {2007},
  url       = {https://doi.org/10.1007/978-3-642-14743-2_32},
  doi       = {10.1007/978-3-642-14743-2_32},
  timestamp = {Fri, 26 May 2017 00:50:37 +0200},
  biburl    = {https://dblp.org/rec/bib/conf/isrr/BreazealGB07},
  bibsource = {dblp computer science bibliography, https://dblp.org}
}























@inproceedings{DBLP:conf/ijcai/YuWL13,
  author    = {Quan Yu and
               Ximing Wen and
               Yongmei Liu},
  title     = {Multi-Agent Epistemic Explanatory Diagnosis via Reasoning about Actions},
  booktitle = {{IJCAI} 2013, Proceedings of the 23rd International Joint Conference
               on Artificial Intelligence, Beijing, China, August 3-9, 2013},
  pages     = {1183--1190},
  year      = {2013},
  timestamp = {Wed, 20 Jul 2016 15:16:56 +0200},
  bibsource = {dblp computer science bibliography, https://dblp.org}
}


@phdthesis{DBLP:phd/hal/Maubert14,
  author    = {Bastien Maubert},
  title     = {Logical foundations of games with imperfect information : uniform
               strategies. (Fondations logiques des jeux {\`{a}} information imparfaite
               : strat{\'{e}}gies uniformes)},
  school    = {University of Rennes 1, France},
  year      = {2014},
  timestamp = {Thu, 30 Jun 2016 14:34:56 +0200},
  bibsource = {dblp computer science bibliography, http://dblp.org}
}


@inproceedings{blumensath2000automatic,
  title={Automatic structures},
  author={Blumensath, Achim and Gr{\"a}del, Erich},
  booktitle={Logic in Computer Science, 2000. Proceedings. 15th Annual IEEE Symposium on},
  pages={51--62},
  year={2000},
  organization={IEEE}
}

@article{elgot1965relations,
  title={On relations defined by generalized finite automata},
  author={Elgot, Calvin C and Mezei, Jorge E},
  journal={IBM Journal of Research and Development},
  volume={9},
  number={1},
  pages={47--68},
  year={1965},
  publisher={IBM}
}

@inproceedings{khoussainov1995automatic,
  title={Automatic presentations of structures},
  author={Khoussainov, Bakhadyr and Nerode, Anil},
  booktitle={Logic and computational complexity},
  pages={367--392},
  year={1995},
  organization={Springer}
}

@misc{Bl99,
     author = {Achim Blumensath},
     howpublished = {{Diploma thesis, RWTH-Aachen}},
     title = {{Automatic Structures}},
     year = {1999},
}








@article{bruyere1994logic,
  title={Logic and p-recognizable sets of integers.},
  author={Bruyere, V{\'e}ronique and Hansel, Georges and Michaux, Christian and Villemaire, Roger},
  journal={Bulletin of the Belgian Mathematical Society Simon Stevin},
  volume={1},
  number={2},
  pages={191--238},
  year={1994},
  publisher={Brussels: Societe Mathematique de Belgique, c1994-}
}

@article{thomas1992infinite,
  title={Infinite trees and automaton-definable relations over $\omega$-words.},
  author={Thomas, Wolfgang},
  journal={Theoretical Computer Science},
  volume={103},
  number={1},
  pages={143--159},
  year={1992},
  publisher={Elsevier}
}

@phdthesis{barany2007automatic,
  title={Automatic presentations of infinite structures.},
  author={Barany, Vince},
  year={2007},
  school={RWTH Aachen University}
}

@article{thomas1990automata,
  title={Automata on infinite objects},
  author={Thomas, Wolfgang},
  journal={Hand.\ of theoretical computer science, Volume B},
  pages={133--191},
  year={1990}
}

@article{laroussinie1995expressive,
  title={About the expressive power of CTL combinators},
  author={Laroussinie, Fran{\c{c}}ois},
  journal={Information Processing Letters},
  volume={54},
  number={6},
  pages={343--345},
  year={1995},
  publisher={Elsevier}
}

@article{schnoebelen2002complexity,
  title={The Complexity of Temporal Logic Model Checking.},
  author={Schnoebelen, Philippe},
  journal={Advances in modal logic},
  volume={4},
  number={393-436},
  pages={35},
  year={2002}
}

@article{rabin1969decidability,
  title={Decidability of second-order theories and automata on infinite trees},
  author={Rabin, Michael O},
  journal={Transactions of the american Mathematical Society},
  volume={141},
  pages={1--35},
  year={1969},
  publisher={JSTOR}
}

@book{berstel2013transductions,
  title={Transductions and context-free languages},
  author={Berstel, Jean},
  year={2013},
  publisher={Springer-Verlag}
}




@article{cranen2011linear,
  title={A linear translation from CTL* to the first-order modal $\mu$-calculus},
  author={Cranen, Sjoerd and Groote, Jan Friso and Reniers, Michel},
  journal={Theoretical Computer Science},
  volume={412},
  number={28},
  pages={3129--3139},
  year={2011},
  publisher={Elsevier}
}

@article{kaivola1997using,
  title={Using automata to characterise fixed point temporal logics},
  author={Kaivola, Roope},
  year={1997},
  publisher={University of Edinburgh. College of Science and Engineering. School of Informatics.}
}

@inproceedings{dam1992fixed,
  title={Fixed points of B{\"u}chi automata},
  author={Dam, Mads},
  booktitle={International Conference on Foundations of Software Technology and Theoretical Computer Science},
  pages={39--50},
  year={1992},
  organization={Springer}
}

@incollection{thomas1997languages,
  title={Languages, automata, and logic},
  author={Thomas, Wolfgang},
  booktitle={Handbook of formal languages},
  pages={389--455},
  year={1997},
  publisher={Springer}
}

@article{wolper1983temporal,
  title={Temporal logic can be more expressive},
  author={Wolper, Pierre},
  journal={Information and control},
  volume={56},
  number={1-2},
  pages={72--99},
  year={1983},
  publisher={Elsevier}
}

@article{rubin2008automata,
  title={Automata presenting structures: A survey of the finite string case},
  author={Rubin, Sasha},
  journal={Bulletin of Symbolic Logic},
  volume={14},
  number={2},
  pages={169--209},
  year={2008},
  publisher={Cambridge University Press}
}

@inproceedings{vardi2007buchi,
  title={The B{\"u}chi complementation saga},
  author={Vardi, Moshe Y},
  booktitle={Annual Symposium on Theoretical Aspects of Computer Science},
  pages={12--22},
  year={2007},
  organization={Springer}
}


@inproceedings{DBLP:conf/icalp/HaferT87,
  author    = {Thilo Hafer and
               Wolfgang Thomas},
  title     = {Computation Tree Logic CTL* and Path Quantifiers in the Monadic Theory
               of the Binary Tree},
  booktitle = {Automata, Languages and Programming, 14th International Colloquium,
               ICALP87, Karlsruhe, Germany, July 13-17, 1987, Proceedings},
  pages     = {269--279},
  year      = {1987},
  doi       = {10.1007/3-540-18088-5_22},
  timestamp = {Fri, 19 May 2017 13:10:47 +0200},
  bibsource = {dblp computer science bibliography, https://dblp.org}
}


@inproceedings{DBLP:conf/lics/Thomas87,
  author    = {Wolfgang Thomas},
  title     = {On Chain Logic, Path Logic, and First-Order Logic over Infinite Trees},
  booktitle = {Proceedings of the Symposium on Logic in Computer Science {(LICS}
               '87), Ithaca, New York, USA, June 22-25, 1987},
  pages     = {245--256},
  year      = {1987},
  timestamp = {Thu, 22 Jan 2015 10:47:19 +0100},
  bibsource = {dblp computer science bibliography, https://dblp.org}
}



@inproceedings{DBLP:journals/corr/Bolander17,
  author    = {Thomas Bolander},
  title     = {A Gentle Introduction to Epistemic Planning: The {DEL} Approach},
  booktitle = {Proceedings of the Ninth Workshop on Methods for Modalities, M4M@ICLA
               2017, Indian Institute of Technology, Kanpur, India, 8th to 10th January
               2017.},
  pages     = {1--22},
  year      = {2017},
  doi       = {10.4204/EPTCS.243.1},
  timestamp = {Wed, 03 May 2017 14:47:57 +0200},
  bibsource = {dblp computer science bibliography, https://dblp.org}
}


@inproceedings{DBLP:conf/tark/BatlagMS98,
  author    = {Alexandru Baltag and
               Lawrence S. Moss and
               Slawomir Solecki},
  title     = {The Logic of Public Announcements and Common Knowledge and Private
               Suspicions},
  booktitle = {Proceedings of the 7th Conference on Theoretical Aspects of Rationality
               and Knowledge (TARK-98), Evanston, IL, USA, July 22-24, 1998},
  pages     = {43--56},
  year      = {1998},
  timestamp = {Tue, 29 Sep 2015 08:17:09 +0200},
  bibsource = {dblp computer science bibliography, https://dblp.org}
}


@inproceedings{DBLP:journals/corr/AucherMP14,
  author    = {Guillaume Aucher and
               Bastien Maubert and
               Sophie Pinchinat},
  title     = {Automata Techniques for Epistemic Protocol Synthesis},
  booktitle = {Proceedings 2nd International Workshop on Strategic Reasoning, Grenoble, France, April 5-6, 2014.},
  pages     = {97--103},
  year      = {2014},
  doi       = {10.4204/EPTCS.146.13},
  timestamp = {Wed, 03 May 2017 14:47:58 +0200},
  bibsource = {dblp computer science bibliography, https://dblp.org}
}

@article{kozen83,
  author =	 "D. Kozen",
  title =	 "Results on the Propositional $\mu$-calculus",
  journal =	 "tcs",
  year =	 1983,
  volume =	 27,
  number =	 3,
  pages =	 "333--354"
}

@inproceedings{DBLP:conf/popl/BarringerKP86,
  author    = {Howard Barringer and
               Ruurd Kuiper and
               Amir Pnueli},
  title     = {A Really Abstract Concurrent Model and its Temporal Logic},
  booktitle = {Conference Record of the Thirteenth Annual {ACM} Symposium on Principles
               of Programming Languages, St. Petersburg Beach, Florida, USA, January
               1986},
  pages     = {173--183},
  year      = {1986},
  doi       = {10.1145/512644.512660},
  timestamp = {Mon, 21 May 2012 16:19:51 +0200},
  bibsource = {dblp computer science bibliography, https://dblp.org}
}

@inproceedings{clarke1981design,
  title={Design and synthesis of synchronization skeletons using branching time temporal logic},
  author={Clarke, Edmund M and Emerson, E Allen},
  booktitle={Workshop on Logic of Programs},
  pages={52--71},
  year={1981},
  organization={Springer}
}

@inproceedings{vardi1988temporal,
  title={A temporal fixpoint calculus},
  author={Vardi, Moshe Y},
  booktitle={Proceedings of the 15th ACM SIGPLAN-SIGACT symposium on Principles of programming languages},
  pages={250--259},
  year={1988},
  organization={ACM}
}


@inproceedings{pnueli1977,
  title={The temporal logic of programs},
  author={Pnueli, Amir},
  booktitle={Foundations of Computer Science, 1977., 18th Annual Symposium on},
  pages={46--57},
  year={1977},
  organization={IEEE}
}




@inproceedings{DBLP:conf/ijcai/CharrierGNS19,
  author    = {Tristan Charrier and
               S{\'{e}}bastien Gamblin and
               Alexandre Niveau and
               Fran{\c{c}}ois Schwarzentruber},
  editor    = {Sarit Kraus},
  title     = {Hintikka's World: Scalable Higher-order Knowledge},
  booktitle = {Proceedings of the Twenty-Eighth International Joint Conference on
               Artificial Intelligence, {IJCAI} 2019, Macao, China, August 10-16,
               2019},
  pages     = {6494--6496},
  publisher = {ijcai.org},
  year      = {2019},
  url       = {https://doi.org/10.24963/ijcai.2019/934},
  doi       = {10.24963/ijcai.2019/934},
  timestamp = {Tue, 20 Aug 2019 16:18:18 +0200},
  biburl    = {https://dblp.org/rec/conf/ijcai/CharrierGNS19.bib},
  bibsource = {dblp computer science bibliography, https://dblp.org}
}






@inproceedings{DBLP:conf/lpar/SharmaGRM18,
  author    = {Shubham Sharma and
               Rahul Gupta and
               Subhajit Roy and
               Kuldeep S. Meel},
  editor    = {Gilles Barthe and
               Geoff Sutcliffe and
               Margus Veanes},
  title     = {Knowledge Compilation meets Uniform Sampling},
  booktitle = {{LPAR-22.} 22nd International Conference on Logic for Programming,
               Artificial Intelligence and Reasoning, Awassa, Ethiopia, 16-21 November
               2018},
  series    = {EPiC Series in Computing},
  volume    = {57},
  pages     = {620--636},
  publisher = {EasyChair},
  year      = {2018},
  url       = {http://www.easychair.org/publications/paper/CXk2},
  timestamp = {Mon, 31 Dec 2018 12:25:19 +0100},
  biburl    = {https://dblp.org/rec/conf/lpar/SharmaGRM18.bib},
  bibsource = {dblp computer science bibliography, https://dblp.org}
}



